@misc{OECD,
author = "{Organisation for Economic Co-operation and Development}",
title = "{Elderly Population}",
year = "2018",
howpublished = {Available online at: ``https://data.oecd.org/pop/elderly-population.htm'' Accessed 28 April 2020}
}

@Article{Venkatesan2020,
  author    = {Venkatesan, Priya},
  journal   = {The Lancet Respiratory Medicine},
  title     = {The changing demographics of {COVID}-19},
  year      = {2020},
  issn      = {2213-2600, 2213-2619},
  month     = dec,
  number    = {12},
  pages     = {e95},
  volume    = {8},
  doi       = {10.1016/S2213-2600(20)30461-6},
  file      = {Full Text PDF:http\://www.thelancet.com/article/S2213260020304616/pdf:application/pdf;:Venkatesan2020 - The Changing Demographics of COVID 19.html:URL},
  language  = {English},
  pmid      = {33035468},
  publisher = {Elsevier},
  url       = {https://www.thelancet.com/journals/lanres/article/PIIS2213-2600(20)30461-6/fulltext},
  urldate   = {2022-05-05},
}

@Article{Upshur2005,
  author     = {Upshur, Ross EG and Moineddin, Rahim and Crighton, Eric and Kiefer, Lori and Mamdani, Muhammad},
  journal    = {BMC Health Services Research},
  title      = {Simplicity within complexity: {Seasonality} and predictability of hospital admissions in the province of {Ontario} 1988–2001, a population-based analysis},
  year       = {2005},
  issn       = {1472-6963},
  month      = feb,
  number     = {1},
  pages      = {13},
  volume     = {5},
  abstract   = {Seasonality is a common feature of communicable diseases. Less well understood is whether seasonal patterns occur for non-communicable diseases. The overall effect of seasonal fluctuations on hospital admissions has not been systematically evaluated.},
  doi        = {10.1186/1472-6963-5-13},
  file       = {:Upshur2005 - Simplicity within Complexity_ Seasonality and Predictability of Hospital Admissions in the Province of Ontario 1988–2001, a Population Based Analysis.pdf:PDF},
  keywords   = {Hospital Admission, Percent Confidence Interval, Trend Component, Strong Seasonality, Simple Regression Model},
  language   = {en},
  shorttitle = {Simplicity within complexity},
  url        = {https://doi.org/10.1186/1472-6963-5-13},
  urldate    = {2022-05-12},
}

@Article{Gilbert2018,
  author     = {Gilbert, Thomas and Neuburger, Jenny and Kraindler, Joshua and Keeble, Eilis and Smith, Paul and Ariti, Cono and Arora, Sandeepa and Street, Andrew and Parker, Stuart and Roberts, Helen C. and Bardsley, Martin and Conroy, Simon},
  journal    = {The Lancet},
  title      = {Development and validation of a {Hospital} {Frailty} {Risk} {Score} focusing on older people in acute care settings using electronic hospital records: an observational study},
  year       = {2018},
  issn       = {0140-6736, 1474-547X},
  month      = may,
  number     = {10132},
  pages      = {1775--1782},
  volume     = {391},
    doi        = {10.1016/S0140-6736(18)30668-8},
  language   = {English},
  pmid       = {29706364},
  publisher  = {Elsevier},
  shorttitle = {Development and validation of a {Hospital} {Frailty} {Risk} {Score} focusing on older people in acute care settings using electronic hospital records},
  url        = {https://www.thelancet.com/journals/lancet/article/PIIS0140-6736(18)30668-8/abstract},
  urldate    = {2021-11-08},
}

@Article{Soong2015,
  author   = {Soong, J. and Poots, A. J. and Scott, S. and Donald, K. and Woodcock, T. and Lovett, D. and Bell, D.},
  journal  = {BMJ open},
  title    = {Quantifying the prevalence of frailty in {English} hospitals},
  year     = {2015},
  issn     = {2044-6055},
  month    = oct,
  number   = {10},
  pages    = {e008456},
  volume   = {5},
  doi      = {10.1136/bmjopen-2015-008456},
  file     = {:Soong2015 - Quantifying the Prevalence of Frailty in English Hospitals.html:URL},
  keywords = {Accidental Falls, Aged, 80 and over, Clinical Coding, Cognition Disorders, Databases, Factual, England, Female, Frail Elderly, Geriatric Assessment, Hospital Mortality, Humans, International Classification of Diseases, Male, Patient Admission, Retrospective Studies, Acute, Ageing, Frailty, HES, Prevalence},
  language = {eng},
  pmcid    = {PMC4621378},
  pmid     = {26490097},
}

Article{Intrevado,
  author        = {Paul Intrevado and Vedat Verter and Lucie Tremblay},
  title         = "{Patient-centric design of long-term care networks}",
  journal       = {Health Care Management Science},
  year          = {2019},
  volume        = {22},
  number        = {2},
  pages         = {376-390},
  issn          = {13869620},
  doi           = {10.1007/s10729-018-9445-7},
}

@Article{Bidhandi,
  author        = {Hadi {Mohammadi Bidhandi} and Jonathan Patrick and Pedram Noghani and Peyman Varshoei},
  title         = "{Capacity planning for a network of community health services}",
  journal       = {European Journal of Operational Research},
  year          = {2019},
  volume        = {275},
  number        = {1},
  pages         = {266-279},
  issn          = {03772217},
  doi           = {10.1016/j.ejor.2018.11.008},
}

@Article{Berntsen,
  author        = {Berntsen, G. and Strisland, F. and Malm-Nicolaisen, K. and Smaradottir, B. and Fensli, R. and Røhne, M.},
  title         = "{The evidence base for an ideal care pathway for frail multimorbid elderly: Combined scoping and systematic intervention review}",
  journal       = {Journal of Medical Internet Research},
  year          = {2019},
  volume        = {21},
  number        = {4},
  doi           = {10.2196/12517},
}

@Article{Wallace,
  author        = {Raina Wallace and L D George Angus and Swapna Munnang and Sally Shukry and Jody C DiGiacomo and Charles Ruotolo},
  title         = "{Improved outcomes following implementation of a multidisciplinary care pathway for elderly hip fractures}",
  journal       = {Aging Clinical and Experimental Research},
  year          = {2019},
  volume        = {31},
  number        = {2},
  pages         = {273-278},
  doi           = {10.1007/s40520-018-0952-7},
}

@Article{Trevisan,
  author        = {Trevisan, C. and Di Gregorio, P. and Debiasi, E. and Pedrotti, M. and La Guardia, M. and Manzato, E. and Sergi, G. and March, A.},
  title         = {Decision tree for ward admissions of older patients at the emergency department after a fall},
  journal       = {Geriatrics and Gerontology International},
  year          = {2018},
  volume        = {18},
  number        = {9},
  pages         = {1388-1392},
  issn          = {14441586},
  doi           = {10.1111/ggi.13497},
}

@Article{Gordon2,
  author        = {Andrew S Gordon and Adele H Marshall and Mariangela Zenga},
  title         = "{Predicting elderly patient length of stay in hospital and community care using a series of conditional Coxian phase-type distributions, further conditioned on a survival tree}",
  journal       = {Health Care Management Science},
  year          = {2018},
  volume        = {21},
  number        = {2},
  pages         = {269-280},
  doi           = {10.1007/s10729-017-9411-9},
}

@Article{Onggo,
  author        = {B S S Onggo and N C Proudlove and S A  D'Ambrogio and A Calabrese and S Bisogno and N {Levialdi Ghiron}},
  title         = "{A BPMN extension to support discrete-event simulation for healthcare applications: An explicit representation of queues, attributes and data-driven decision points}",
  journal       = {Journal of the Operational Research Society},
  year          = {2018},
  volume        = {69},
  number        = {5},
  pages         = {788-802},
  doi           = {10.1057/s41274-017-0267-7},
}

@Article{Cepoiu,
  author        = {Monica Cepoiu-Martin and Diane P Bischak},
  title         = "{Policy choices in dementia care—An exploratory analysis of the Alberta continuing care system (ACCS) using system dynamics}",
  journal       = {Journal of Evaluation in Clinical Practice},
  year          = {2018},
  volume        = {24},
  number        = {1},
  pages         = {278-284},
  doi           = {10.1111/jep.12790},
}

@Article{Hamdani,
  author        = {Fatima E Hamdani and Malek Masmoudi and Ahmad {Al Hanbali} and F Bouyahia and Abdellah Ait Ouahman},
  title         = "{Diagnostic and modeling of elderly flow in a French healthcare institution}",
  journal       = {Computers and Industrial Engineering},
  year          = {2017},
  volume        = {112},
  pages         = {675-689},
  doi           = {10.1016/j.cie.2017.05.009},
}

@Article{Eggink,
  author        = {Evelien Eggink and Isolde Woittiez and Michiel Ras},
  title         = {Forecasting the use of elderly care: a static micro-simulation model},
  journal       = {European Journal of Health Economics},
  year          = {2016},
  volume        = {17},
  number        = {6},
  pages         = {681-691},
  doi           = {10.1007/s10198-015-0714-9},
}

@Article{Borowiak,
  author        = {Ewa Borowiak and Joanna Kostka and Tomasz Kostka},
  title         = {Comparative analysis of the expected demands for nursing care services among older people from urban, rural, and institutional environments},
  journal       = {Clinical Interventions in Aging},
  year          = {2015},
  volume        = {10},
  pages         = {405-412},
  doi           = {10.2147/CIA.S72534},
}

@Article{Silvester,
  author        = {Kate M Silvester and Mohammed A Mohammed and Paul Harriman and Anna Girolami and Tom W Downes},
  title         = {Timely care for frail older people referred to hospital improves efficiency and reduces mortality without the need for extra resources},
  journal       = {Age and Ageing},
  year          = {2014},
  volume        = {43},
  number        = {4},
  pages         = {472-477},
  doi           = {10.1093/ageing/aft170},
}

@Article{Zhang1,
  author        = {Yue Zhang and Martin L Puterman},
  title         = {Developing an adaptive policy for long-term care capacity planning},
  journal       = {Health Care Management Science},
  year          = {2013},
  volume        = {16},
  number        = {3},
  pages         = {271-279},
  doi           = {10.1007/s10729-013-9229-z},
}

@Article{Kul,
  author        = {S Kul and K Vanhaecht and E Savaş and Z A Öztürk and R A Parker and M Panella},
  title         = {Modeling of in-hospital treatment outcomes for elderly patients with heart failure: Care pathway versus usual care},
  journal       = {European Geriatric Medicine},
  year          = {2013},
  volume        = {4},
  number        = {2},
  pages         = {86-90},
  doi           = {10.1016/j.eurger.2012.11.002},
}

@Article{Zhang2,
  author        = {Yue Zhang and Martin L Puterman and Matthew Nelson and Derek Richard Atkins},
  title         = {A simulation optimization approach to long-term care capacity planning},
  journal       = {Operations Research},
  year          = {2012},
  volume        = {60},
  number        = {2},
  pages         = {249-261},
  doi           = {10.1287/opre.1110.1026},
}

@Article{Patrick,
  author        = {Jonathon Patrick},
  title         = {Access to long-term care: The true cause of hospital congestion?},
  journal       = {Production and Operations Management},
  year          = {2011},
  volume        = {20},
  number        = {3},
  pages         = {347-358},
  doi           = {10.1111/j.1937-5956.2011.01229.x},
}

@Article{Garg2,
  author        = {Lalit Garg and Sally McClean and Brian Meenan and Peter H Millard},
  title         = "{A non-homogeneous discrete time Markov model for admission scheduling and resource planning in a cost or capacity constrained healthcare system}",
  journal       = {Health Care Management Science},
  year          = {2010},
  volume        = {13},
  number        = {2},
  pages         = {155-169},
  doi           = {10.1007/s10729-009-9120-0},
}

@Article{Rossille,
  author        = {Delphine Rossille and Marc Cuggia and Aude Arnault and Jacques Bouget and Pierre {Le Beux}},
  title         = "{Managing an emergency department by analysing HIS medical data:a focus on elderly patient clinical pathways}",
  journal       = {Health Care Management Science},
  year          = {2008},
  volume        = {11},
  number        = {2},
  pages         = {139-146},
  doi           = {10.1007/s10729-008-9059-6},
}

@Article{Shaw,
  author        = {B Shaw and Adele H Marshall},
  title         = {Modelling the flow of congestive heart failure patients through a hospital system},
  journal       = {Journal of the Operational Research Society},
  year          = {2007},
  volume        = {58},
  number        = {2},
  pages         = {212-218},
  doi           = {10.1057/palgrave.jors.2602240},
}

@Article{Chaussalet,
  author        = {T J Chaussalet and H Xie and Peter H Millard},
  title         = {A closed queueing network approach to the analysis of patient flow in health care systems},
  journal       = {Methods of Information in Medicine},
  year          = {2006},
  volume        = {45},
  number        = {5},
  pages         = {492-497},
}

@Article{Harrison,
  author        = {G W Harrison},
  title         = {Implications of mixed exponential occupancy distributions and patient flow models for health care planning},
  journal       = {Health Care Management Science},
  year          = {2001},
  volume        = {4},
  number        = {1},
  pages         = {37-45},
  doi           = {10.1023/A:1009601732387},
}

@Article{Azad,
  author        = {Nahid Azad and Frank Molnar and Anna Byszewski},
  title         = {Lessons learned from a multidisciplinary heart failure clinic for older women: A randomised controlled trial},
  journal       = {Age and Ageing},
  year          = {2008},
  volume        = {37},
  number        = {3},
  pages         = {282-287},
  doi           = {10.1093/ageing/afn013},
}

@Article{Beaupre,
  author        = {L A Beaupre and J G Cinats and A  Senthilselvan and D Lier and C A Jones and A Scharfenberger and D W C Johnston and L D Saunders},
  title         = {Reduced morbidity for elderly patients with a hip fracture after implementation of a perioperative evidence-based clinical pathway},
  journal       = {Quality and Safety in Health Care},
  year          = {2006},
  volume        = {15},
  number        = {5},
  pages         = {375-379},
  doi           = {10.1136/qshc.2005.017095},
}

@Article{Faddy,
  author        = {M J Faddy and S I McClean},
  title         = {Markov chain modelling for geriatric patient care},
  journal       = {Methods of Information in Medicine},
  year          = {2005},
  volume        = {44},
  number        = {3},
  pages         = {369-373},
}

@Article{Garg1,
  author        = {L Garg and S I McClean and B Meenan and P  Millard},
  title         = "{Non-homogeneous Markov models for sequential pattern mining of healthcare data}",
  journal       = {IMA Journal of Management Mathematics},
  year          = {2009},
  volume        = {20},
  number        = {4},
  pages         = {327-344},
  doi           = {10.1093/imaman/dpn030},
}

@Article{Gaugler,
  author        = {Joseph E Gaugler and Sue Duval and Keith A Anderson and Robert L Kane},
  title         = "{Predicting nursing home admission in the U.S: A meta-analysis}",
  journal       = {BMC Geriatrics},
  year          = {2007},
  volume        = {7},
  doi           = {10.1186/1471-2318-7-13},
}

@Article{Gordon1,
  author        = {Andrew S Gordon and Adele H Marshall and Karen J Cairns},
  title         = "{A conditional approach for modelling patient readmissions to hospital using a mixture of Coxian phase-type distributions incorporating Bayes' theorem}",
  journal       = {Statistics in Medicine},
  year          = {2016},
  volume        = {35},
  number        = {21},
  pages         = {3810-3826},
  doi           = {10.1002/sim.6953},
}

@Article{Marshall2,
  author        = {Adele H Marshall and Sally I McClean},
  title         = {Using coxian phase-type distributions to identify patient characteristics for duration of stay in hospital},
  journal       = {Health Care Management Science},
  year          = {2004},
  volume        = {7},
  number        = {4},
  pages         = {285-289},
  doi           = {10.1007/s10729-004-7537-z},
}

@Article{Marshall1,
  author        = {Adele H Marshall and Sally I McClean},
  title         = {Conditional phase-type distributions for modelling patient length of stay in hospital},
  journal       = {International Transactions in Operational Research},
  year          = {2003},
  volume        = {10},
  number        = {6},
  pages         = {565-576},
  doi           = {10.1111/1475-3995.00428},
}

@Article{Marshall3,
  author        = {Adele H Marshall and Hannah Mitchell and Mariangela Zenga},
  title         = {Modelling the length of stay of geriatric patients in emilia romagna hospitals using coxian phase-type distributions with covariates},
  journal       = {Studies in Theoretical and Applied Statistics, Selected Papers of the Statistical Societies},
  year          = {2015},
  pages         = {127-139},
  doi           = {10.1007/10104_2014_21},
}

@Article{McClean,
  author        = {Sally I McClean and Peter H Millard},
  title         = "{Where to treat the older patient? Can Markov models help us better understand the relationship between hospital and community care?}",
  journal       = {Journal of the Operational Research Society},
  year          = {2007},
  volume        = {58},
  number        = {2},
  pages         = {255-261},
  doi           = {10.1057/palgrave.jors.2602173},
}

@Article{Taylor,
  author        = {G J Taylor and Sally I McClean and P H Millard},
  title         = {Stochastic models of geriatric patient bed occupancy behaviour},
  journal       = {Journal of the Royal Statistical Society. Series A: Statistics in Society},
  year          = {2000},
  volume        = {163},
  number        = {1},
  pages         = {39-48},
  doi           = {10.1111/1467-985X.00155},
}

@Article{Xie,
  author        = {H Xie and T J Chaussalet and P H Millard},
  title         = {A continuous time Markov model for the length of stay of elderly people in institutional long-term care},
  journal       = {Journal of the Royal Statistical Society. Series A: Statistics in Society},
  year          = {2005},
  volume        = {168},
  number        = {1},
  pages         = {51-61},
  doi           = {10.1111/j.1467-985X.2004.00335.x},
}

@Article{Christodoulou,
  author        = {G Christodoulou and G J Taylor},
  title         = {Using a continuous time hidden Markov process, with covariates, to model bed occupancy of people aged over 65 years},
  journal       = {Health Care Management Science},
  year          = {2001},
  volume        = {4},
  number        = {1},
  pages         = {21-24},
  doi           = {10.1023/A:1009641430569},
}

@Article{Hare,
  author        = {W L Hare and A Alimadad and H Dodd and R Ferguson and A Rutherford},
  title         = "{A deterministic model of home and community care client counts in British Columbia}",
  journal       = {Health Care Management Science},
  year          = {2009},
  volume        = {12},
  number        = {1},
  pages         = {80-98},
  doi           = {10.1007/s10729-008-9082-7},
}

@Article{Desai,
  author        = {Mitul Shivam Desai and Marion Louise Penn and Sally Brailsford and Max Chipulu},
  title         = "{Modelling of Hampshire Adult Services - Gearing up for future demands}",
  journal       = {Health Care Management Science},
  year          = {2008},
  volume        = {11},
  number        = {2},
  pages         = {167-176},
  doi           = {10.1007/s10729-007-9049-0},
}

@Article{Katsaliaki,
  author        = {Korina Katsaliaki and Sally Brailsford and David Browning and Peter Knight},
  title         = {Mapping care pathways for the elderly},
  journal       = {Journal of Health, Organisation and Management},
  year          = {2005},
  volume        = {19},
  number        = {1},
  pages         = {57-72},
  doi           = {10.1108/14777260510592130},
}

@Article{Walker,
  author        = {B Walker and T Haslett},
  title         = {System dynamics and action research in aged care},
  journal       = "{Australian health review : a publication of the Australian Hospital Association}",
  year          = {2001},
  volume        = {24},
  number        = {1},
  pages         = {183-191},
  doi           = {10.1071/AH010183},
}

@Article{Ragab,
  author        = {Mohammed A F Ragab and Wael Rashwan and Waleed Abo-Hamad and Amr Arisha},
  title         = "{Using modelling and simulation to improve elderly care in Ireland: A case study}",
  journal       = {International Journal on Advances in Life Sciences},
  year          = {2013},
  volume        = {5},
  number        = {1-2},
  pages         = {89-102},
}

@Article{YLi,
  author        = {Y Li and Y Zhang and N Kong and M Lawley},
  title         = "{Capacity planning for long-term care networks}",
  journal       = {IIE Transactions (Institute of Industrial Engineers)},
  year          = {2016},
  volume        = {48},
  number        = {12},
  pages         = {1098-1111},
  doi           = {10.1080/0740817X.2016.1190480},
}

@Conference{Franck,
  author        = {T Franck and Vincent Augusto and Xiaolan Xie and Regis Gonthier and Emilie Achour},
  title         = {Performance evaluation of an integrated care for geriatric departments using discrete-event simulation},
  year          = {2016},
  volume        = {2016-February},
  pages         = {1331-1342},
  doi           = {10.1109/WSC.2015.7408257},
}


@Article{Kerpershoek,
  author        = {Kerpershoek, L. and de Vugt, M. and Wolfs, C. and Orrell, M. and Woods, B. and Jelley, H. and Meyer, G. and Bieber, A. and Stephan, A. and Selbæk, G. and Michelet, M. and Wimo, A. and Handels, R. and Irving, K. and Hopper, L. and Gonçalves-Pereira, M. and Balsinha, C. and Zanetti, O. and Portolani, D. and Verhey, F. and the Actifcare Consortium},
  title         = "{Is there equity in initial access to formal dementia care in Europe? The Andersen Model applied to the Actifcare cohort}",
  journal       = {International Journal of Geriatric Psychiatry},
  year          = {2020},
  volume        = {35},
  number        = {1},
  pages         = {45-52},
  doi           = {10.1002/gps.5213},
}

@Article{Franklin,
  author        = {Matthew Franklin and Rachael Maree Hunter},
  title         = "{A modelling-based economic evaluation of primary-care-based fall-risk screening followed by fall-prevention intervention: A cohort-based Markov model stratified by older age groups}",
  journal       = {Age and Ageing},
  year          = {2019},
  volume        = {49},
  number        = {1},
  pages         = {57-66},
  doi           = {10.1093/ageing/afz125},
}

@Article{Bae,
  author        = {Ki-Hwan Bae and Molly Jones and Gerald Evans and Demetra Antimisiaris},
  title         = {Simulation modelling of patient flow and capacity planning for regional long-term care needs: a case study},
  journal       = {Health Systems},
  year          = {2019},
  volume        = {8},
  number        = {1},
  pages         = {1-16},
  doi           = {10.1080/20476965.2017.1405873},
  keyword = {primary}
}

@Article{Rashwan,
  author        = {Wael Rashwan and Waleed Abo-Hamad and Amr Arisha},
  title         = "{A system dynamics view of the acute bed blockage problem in the Irish healthcare system}",
  journal       = {European Journal of Operational Research},
  year          = {2015},
  volume        = {247},
  number        = {1},
  pages         = {276-293},
  doi           = {10.1016/j.ejor.2015.05.043},
}


@Article{Tao,
  author        = {Zhuolin Tao and Yang Cheng and Teqi Dai and Mark W Rosenberg},
  title         = "{Spatial optimization of residential care facility locations in Beijing, China: Maximum equity in accessibility}",
  journal       = {International Journal of Health Geographics},
  year          = {2014},
  volume        = {13},
  number        = {1},
  doi           = {10.1186/1476-072X-13-33},
}

@Article{Johnson,
  author        = {Michael P Johnson and Wilpen L Gorr and Stephen Roehrig},
  title         = {Location of service facilities for the elderly},
  journal       = {Annals of Operations Research},
  year          = {2005},
  volume        = {136},
  number        = {1},
  pages         = {329-349},
  doi           = {10.1007/s10479-005-2062-0},
}


@Article{Davari,
  author        = {Soheil Davari and Tom {Van Woensel}},
  title         = {The elderly centre location problem},
  journal       = {Journal of the Operational Research Society},
  year          = {2020},
  doi           = {10.1080/01605682.2020.1718020},
}


@Article{Guo,
  author        = {Jing Guo and R Tamara Konetzka and Willard G Manning},
  title         = {The causal effects of home care use on institutional long-term care utilization and expenditures},
  journal       = {Health Economics (United Kingdom)},
  year          = {2015},
  volume        = {24},
  number        = {S1},
  pages         = {4-17},
  doi           = {10.1002/hec.3155},
}


@Article{Abe,
  author        = {Abe, N. and Kakamu, T. and Kumagai, T. and Hidaka, T. and Masuishi, Y. and Endo, S. and Kasuga, H. and Fukushima, T.},
  title         = {Polypharmacy at admission prolongs length of hospitalization in gastrointestinal surgery patients},
  journal       = {Geriatrics and Gerontology International},
  year          = {2020},
  volume        = {20},
  number        = {11},
  pages         = {1085-1090},
  doi           = {10.1111/ggi.14044},
}


@Article{Welberry,
  author        = {Heidi J Welberry and Henry Brodaty and Benjumin Hsu and Sebastiano Barbieri and Louisa R Jorm},
  title         = "{Impact of Prior Home Care on Length of Stay in Residential Care for Australians With Dementia}",
  journal       = {Journal of the American Medical Directors Association},
  year          = {2020},
  volume        = {21},
  number        = {6},
  pages         = {843-850.e5},
  doi           = {10.1016/j.jamda.2019.11.023},
}


@Article{Zychlinski,
  author        = {Zychlinski, N. and Mandelbaum, A. and Momčilović, P. and Cohen, I.},
  title         = {Bed blocking in hospitals due to scarce capacity in geriatric institutions—cost minimization via fluid models},
  journal       = {Manufacturing and Service Operations Management},
  year          = {2020},
  volume        = {22},
  number        = {2},
  pages         = {396-411},
  doi           = {10.1287/MSOM.2018.0745},
}


@Article{Ambagtsheer,
  author        = {R C Ambagtsheer and J Beilby and C Seiboth and E Dent},
  title         = "{Prevalence and associations of frailty in residents of Australian aged care facilities: findings from a retrospective cohort study}",
  journal       = {Aging Clinical and Experimental Research},
  year          = {2020},
  volume        = {32},
  number        = {9},
  pages         = {1849-1856},
  doi           = {10.1007/s40520-019-01379-0},
}


@Article{Muramatsu,
  author        = {Naoko Muramatsu and Hongjun Yin and Richard T Campbell and Ruby L Hoyem and Martha A Jacob and Christopher O Ross},
  title         = "{Risk of nursing home admission among older Americans: Does states' spending on home- and community-based services matter?}",
  journal       = {Journals of Gerontology - Series B Psychological Sciences and Social Sciences},
  year          = {2007},
  volume        = {62},
  number        = {3},
  pages         = {S169-S178},
  doi           = {10.1093/geronb/62.3.S169},
}

@misc{UN2,
author = "{United Nations}",
title = "{World Population Ageing}",
year = "2017",
howpublished = {Available online at: ``https://www.un.org/en/development/desa/population/
\newline publications/pdf/ageing/WPA2017\textunderscore Highlights.pdf.'' Accessed 15 April 2020},
}

@misc{UN,
author = "{United Nations}",
title = "{World Population Prospects}",
year = "2019",
howpublished = {Available online at: ``https://population.un.org/wpp/Download/Standard/Population/." Accessed 18 March 2020}
}

@misc{WHO2,
author = "{World Health Organisation}",
title = "{Coronavirus disease (COVID-19) Pandemic}",
year = "2020",
howpublished = {Available online at: ``https://www.who.int/emergencies/diseases/novel-coronavirus-2019'' Accessed 22 April 2020}
}

@misc{deLuc,
author ="Kathryn de Luc",
title = {Care Pathways: where they are leading},
organisation = "National Pathways Association",
year = {1999}
}

@misc{WHO,
title="{Guidelines for safe Transport of Infectious Substances and Diagnostic Specimens}",
author={World Health Organization},
url={https://www.who.int/csr/emc97_3.pdf},
year={1997}
}

@online{Licchetta1,
author = {Mirko Licchetta and Michal Stelmach},
title = "Fiscal sustainability analytical paper: Fiscal sustainability and public spending on health",
year = "2016",
howpublished = {Available online at: ``https://obr.uk/fiscal-sustainability-analytical-paper-published-today/." Accessed 20 Jan 2020},
}



@misc{BMA1,
author = "{British Medical Association}",
title = "{BMA – Identification and management of patients with frailty}",
year = "2018",
howpublished = {Available online at: ``https://www.bma.org.uk/advice/employment/contracts/general-practice-funding/focus-on-identification-and-management-of-patients-with-frailty." Accessed 7 Feb. 2020},
}

@misc{NHSENG,
author = "{NHS England}",
title = "{Electronic Frailty Index}",
year = "2020",
howpublished = {Available online at: ``https://www.england.nhs.uk/ourwork/clinical-policy/older-people/frailty/efi/#what-numbers-of-people-living-with-frailty-do-we-expect-to-be-diagnosed." Accessed 15 March 2020},
}

@misc{OECD,
author = "{Organisation for Economic Co-operation and Development}",
title = "{Elderly Population}",
year = "2018",
howpublished = {Available online at: ``https://data.oecd.org/pop/elderly-population.htm'' Accessed 28 April 2020}
}


@misc{UN3,
author = "{United Nations}",
title ="{Ageing}",
year = "2019",
howpublished = {Available online at: ``https://www.un.org/en/sections/issues-depth/ageing/'' Accessed 28 April 2020}
}

@book{DLuc,
author = "Kathryn de Luc and Denise Kitchiner and Amanda Layton and Elaine Morris and Yvonne Murray and Sue Overill",
title = "{Developing Care Pathways: the handbook}",
publisher = {Radcliffe Medical Press},
address = {Abingdon},
year = {2001},
}

@article{Clegg,
author = "Andrew Clegg and John Young and Steve Iliffe and Marcel Olde Rikkert  and Kenneth Rockwood",
title = "{Frailty in elderly people}",
journal = "{The Lancet}",
volume = {382},
year ={2013},
number = {9901},
pages = {1328},
doi = {10.1016/S0140-6736(12)62167-9},
}
@article{Vanberkel,
author = "Peter T Vanberkel and Richard J Boucherie and Erwin W Hans and Joohann L Hurink and Nelly Litvak",
title = "{A Survey of Health Care Models that Encompass Multiple Departments}",
journal = {International journal of health management and information},
volume = {1},
year ={2010},
number = {1},
pages = {37--69},
}

@article{Webster,
author = "Jane Webster and Richard T Watson",
title = "{Analyzing the Past to Prepare for the Future: Writing a Literature Review}",
journal = "{MIS Quarterly}",
volume = {26},
year ={2002},
number = {2},
pages = {13--24},
}

@article{PHulshof,
author = {Peter J H Hulshof and Nikky Kortbeek and Richard J Boucherie and Erwin W Hans and Piet J M Bakker},
title = "{Taxonomic classification of planning decision in health care: a structured review of the state of the art in OR/MS}",
journal ={Health Systems},
volume = {1},
year = {2012},
pages = {129--175},
doi ={10.1057/hs.2012.18},
}

@article{DKitchiner,
author = "Denise Kitchiner and Campbell Davidson and Peter Bundred",
title = "Integrated care pathways: effective tools for continuous evaluation of clinical practice",
journal = {Journal of Evaluation in Clinical Practice},
volume = {2},
year = {1996},
number = {1},
pages = {65--69},
doi = {10.1111/j.1365-2753.1996.tb00028.x},
}

@article{MJohnson,
author = "Michael P Johnson and Gerald Midgley and George Chichirau",
title = "{Emerging trends and new frontiers in community operational research}",
journal = "European Journal of Operational Research",
volume ={268},
number = {3},
year = {2018},
pages = {1178--1191},
}

@article{Cardoen,
author = "Brecht Cardoen and Erik Demeulemeester and Jeroen Beliën",
title = "{Operating room planning and scheduling: A literature review}",
journal = "European Journal of Operational Research",
year = {2010},
volume ={201},
number ={3},
pages = {921--932},
doi= {10.1016/j.ejor.2009.04.011},
}

@article{RPalmer,
author = "Ryan Palmer and Naomi J Fulop and Martin Utley",
title ="A systematic literature review of operational research methods for modelling patient flow and outcomes within community healthcare and other settings.",
journal = "Health Systems",
volume = {7},
year = {2018},
number = {1},
pages = {29--50},
doi ={10.1057/s41306-017-0024-9},
}

@article{Aspland,
author = {Emma Aspland and Daniel Gartner and Paul Harper},
title = {Clinical pathway modelling: a literature review},
journal = {Health Systems},
volume = {10},
number = {1},
pages = {1--23},
year  = {2021},
doi = {10.1080/20476965.2019.1652547}
}

@article{YZhang,
author = {Yiye Zhang and Rema Padman and James E Levin},
title = "{Paving the COWpath: data-driven design of pediatric order sets}",
journal = {Journal of the American Medical Informatics Association},
volume ={21},
number = {e2},
pages = {e304--e311},
year = {2014},
doi = {10.1136/amiajnl-2013-002316},
}

@article{Muscedere,
author = {J Muscedere and M Andrew and S Bagshaw and et al.},
title = "{Screening for Frailty in Canada’s Health Care System: A Time for Action}",
journal = {Canadian Journal on Aging},
year = {2016},
volume = {35},
number = {3},
pages = {281--297}
}

@article{Morley,
author = {John E. Morley and Bruno Vellas and Abellan van Kan and et al.},
title = "{Frailty Consensus: A Call to Action}",
journal = {Journal of the American Medical Directors Association},
year = {2013},
volume = {14},
number = {6},
pages = {392--397}
}

@article{Theou,
author = {Olga Theou and Thomas D Brothers and Arnold Mitnitski and Kenneth Rockwood},
title = "{Operationalization of frailty using eight commonly used scales and comparison of their ability to predict all-cause mortality}",
journal = {Journal of the American Geriatrics Society},
year = {2013},
volume = {61},
number = {9},
pages = {1537--1551}
}


@article{Abe1,
author = {Tolu K Abe and Benita M Beamon and Richard L Storch and Justin Agus},
title = "{Operations research applications in hospital operations: Part II}",
journal ={Health Care Operations Management},
year = {2016},
volume = {6},
number ={2},
pages = {96--109},
doi = {10.1080/19488300.2016.1162880}
}

@article{Abe2,
author = {Tolu K Abe and Benita M Beamon and Richard L Storch and Justin Agus},
title = "{Operations research applications in hospital operations: Part III}",
journal ={Health Care Operations Management},
year = {2016},
volume = {6},
number ={3},
pages = {175--191},
doi = {10.1080/19488300.2016.1199613}
}

@article{Vanhaecht,
author = {Kris Vanhaecht and Walter Sermeus and Ruben {Van Zelm} },
title = "{Care Pathways are defined as complex interventions}",
journal ={BMC Medicine},
year = {2010},
volume = {8},
pages = {31--31},
}

@article{Freeman,
author = {Shannon Freeman and Kristen Bishop and Lina Spirgiene and Erica Koopmans and Fernanda C. Botelho and Trina Fyfe and Beibei Xiong and Stacey Patchett and Martha MacLeod},
title = "{Factors affecting residents transition from
long term care facilities to the community:
a scoping review}",
journal ={BMC Health Services Research},
year = {2017},
volume = {17},
number ={1},
pages = {689},
doi = {10.1186/s12913-017-2636-y}
}

@article{Hatheway,
author = {Oliver L Hatheway and Arnold Mitnitski and Kenneth Rockwood},
title = "{Frailty affects the initial treatment response and time to recovery of mobility in acutely ill older adults admitted to hospital}",
journal ={Age and Ageing},
year = {2017},
volume = {46},
number ={6},
pages = {920--925},
doi ={10.1093/ageing/afw257},
}

@article{Arvelo,
author = {Enrique Arvelo and Jesica {de Armas} and Monserrat Guillen},
title = "{Assessing the Distribution of Elderly Requiring Care: A Case Study on the Residents in Barcelona and the
Impact of COVID-19}",
journal ={International Journal of Environmental Research and Public Health},
year = {2020},
volume = {17},
number ={20},
pages = {7486},
doi ={10.3390/ijerph17207486},
}

@article{Heggestad,
author = {Torhild Heggestad},
title = "{Do hospital length of stay and staffing ratio affect elderly patients' risk of readmission? A nation-wide study of Norwegian hospitals}",
journal ={Health Services Research},
year = {2002},
volume = {37},
number ={3},
pages = {647--665},
doi ={10.1111/1475-6773.00042}
}

@article{Arling,
author = {Greg Arling and Kathleen A. Abrahamson and Valerie Cooke and Rober L. Kane and Teresa Lewis},
title = "{Facility and market factors affecting transitions from nursing home to community}",
journal ={Medical Care},
year = {2011},
volume = {49},
number ={9},
pages = {790--796},
doi = {MLR.0b013e31821b3548}
}

@article{Lin,
author = {M. Y. Lin and K. S. Chin and K. L. Tsui and T. C. Wong},
title = "{Genetic based discrete particle swarm optimization for Elderly Day Care Center timetabling}",
journal ={Computers and Operations Research},
year = {2016},
volume = {65},
pages = {125--138},
doi = {j.cor.2015.07.010},
}

@article{Grenouilleau,
author = {Florian Grenouilleau and Nadia Lahrichi and Louis-Martin Rousseau},
title = "{New decomposition methods for home care scheduling with predefined visits}",
journal ={Computers and Operations Research},
year = {2020},
volume = {115},
pages = {104855},
doi = {10.1016/j.cor.2019.104855},
}


@article{Eveborn,
author = "Patrik Eveborn and Mikael R{\"o}nnqvist and Helga Einarsd{\'o}ttir and Mats Eklund and Karin Lid{\'e}n and Marie Almroth",
title = "{Operations research improves quality and efficiency in home care}",
journal ={Interfaces},
year = {2009},
volume = {39},
number ={1},
pages = {18--34},
doi = {10.1287/inte.1080.0411},
}


@article{Yalcindag,
author = "Semih Yal{\c c}inda{\u g} and Paola Cappanera and Maria Grazia Scutell{\'a} and Evren {\'S}ahin and Andrea Matta",
title = "{Pattern-based decompositions for human resource planning in home health care service}",
journal ={Computers and Operations Research},
year = {2016},
volume = {1},
pages = {12--26},
doi = {10.1016/j.cor.2016.02.011},
}

@article{Lim,
author = "Andrew Lim and Zhenzhen Zhang and Hu Qin",
title = "{Pickup and Delivery Service with Manpower Planning in Hong Kong Public Hospitals}",
journal ={Transportation Science},
year = {2016},
volume = {2},
pages = {688--705},
doi = {10.1287/trsc.2015.0611},
}

@article{Gassoumis,
author = "Zachary D Gassoumis and Kathryn T Fike and Anna N Rahman and Susan M Enguidanos and Kathleen H Wilber",
title = "{Who Transitions to the Community From Nursing Homes? Comparing Patterns and Predictors for Short-Stay and Long-Stay Residents}",
journal ={Home Health Care Services Quarterly},
year = {2013},
volume = {32},
number = {2},
pages = {75--91},
doi = {10.1080/01621424.2013.779353},
}
@Article{Intrevado,
  author        = {Paul Intrevado and Vedat Verter and Lucie Tremblay},
  title         = "{Patient-centric design of long-term care networks}",
  journal       = {Health Care Management Science},
  year          = {2019},
  volume        = {22},
  number        = {2},
  pages         = {376-390},
  issn          = {13869620},
  doi           = {10.1007/s10729-018-9445-7},
}
@article{Gorunescu,
author = "Florin Gorunescu and Sally I McClean and Peter H. Millard",
title = "{Using a queueing model to help plan bed allocation in a department of geriatric medicine}",
journal ={Health Care Management Science},
year = {2002},
volume = {5},
number={4},
pages = {307--312},
doi = {10.1023/A:1020342509099},
}

@Article{Corke,
  author        = {Charlie Corke and Evelyne de Leeuw and Sing K Lo and Carol George},
  title         = "{Predicting Future Intensive Care Demand in Australia}",
  journal       = {Critical Care and Resuscitation},
  year          = {2019},
  volume        = {11},
  number        = {4},
  pages         = {257--260},
  doi           = {10.1007/s10729-018-9445-7},
}
@article{Williams2021,
author = {Elizabeth Williams and Daniel Gartner and Paul Harper},
title = "{A survey of OR/MS models on care planning for frail and elderly patients}",
journal = "{Operations Research for Health Care}",
year = "2021",
Volume = 31,
pages ={100325},
}

@InProceedings{Williams2022,
  author    = {Elizabeth Williams and Daniel Gartner and Paul Harper},
  booktitle = {2022 {IEEE} 10th International Conference on Healthcare Informatics ({ICHI})},
  title     = {Linking Predictive and Prescriptive Analytics of Elderly and Frail Patient Hospital Services},
  year      = {2022},
  month     = {jun},
  publisher = {{IEEE}},
  doi       = {10.1109/ichi54592.2022.00071},
}

@Article{Williams,
  author        = {Elizabeth Williams and Tamas Szakmany and Izabela Spernaes and Babu  Muthuswamy and Penny Holborn},
  title         = "{Discrete-Event Simulation Modeling of Critical Care Flow: New Hospital, Old Challenges}",
  journal       = {Critical Care Explorations},
  year          = {2020},
  volume        = {2},
  number        = {9},
  pages         = {e0174},
  doi           = {10.1097/CCE.0000000000000174},
}
@Article{Kahn,
  author        = {Jeremy Kahn},
  title         = "{Matching supply and demand in critical care}",
  journal       = {Current Opinion in Critical Care},
  year          = {2011},
  volume        = {17},
  number        = {6},
  pages         = {618--619},
 
  doi           = {10.1097/MCC.0b013e32834cdcf5},
}

@Article{Kumar2018,
  author    = {Vaibhav Kumar and M. L. Garg},
  journal   = {International Journal of Computer Applications},
  title     = {Predictive Analytics: A Review of Trends and Techniques},
  year      = {2018},
  month     = {jul},
  number    = {1},
  pages     = {31--37},
  volume    = {182},
  doi       = {10.5120/ijca2018917434},
  publisher = {Foundation of Computer Science},
}

@Misc{NHSJobs2022,
  author       = "{NHS Jobs}",
  howpublished = {{Available online at: ``\url{https://www.jobs.nhs.uk/about_nhs.html}'' Accessed 14 October 2022}},
  title        = "{Working in the NHS}",
  year         = {2022},
}

@Misc{ONS2022,
  author       = {{Office for National Statistics}},
  howpublished = {{Available online: ``\url{https://www.ons.gov.uk/peoplepopulationandcommunity/populationandmigration/populationestimates/articles/overviewoftheukpopulation/2020}'' Accessed 14 October 2022}},
  title        = {Overview of the UK population: 2020},
  year         = {2022},
}

@Article{Aiken2021,
  author    = {Linda H Aiken and Douglas M Sloane and Jane Ball and Luk Bruyneel and Anne Marie Rafferty and Peter Griffiths},
  journal   = {{BMJ} Open},
  title     = {Patient satisfaction with hospital care and nurses in England: an observational study},
  year      = {2021},
  number    = {1},
  pages     = {e019189},
  volume    = {8},
  doi       = {10.1136/bmjopen-2017-019189},
  publisher = {{BMJ}},
}

@Article{Li2022,
  author    = {Mengyu Li and Peter Vanberkel and Xiang Zhong},
  journal   = {Socio-Economic Planning Sciences},
  title     = {Predicting ambulance offload delay using a hybrid decision tree model},
  year      = {2022},
  pages     = {101146},
  volume    = {80},
  doi       = {10.1016/j.seps.2021.101146},
}

@Article{Healey2015,
  author  = {Ryan Healey and Christopher Naugler and Lawrence de Koning and Jay L. Patel},
  journal = {Leukemia \& Lymphoma},
  title   = {A classification tree approach for improving the utilization of flow cytometry testing of blood specimens for B-cell non-Hodgkin lymphoproliferative disorders},
  year    = {2015},
  number  = {9},
  pages   = {2619--2624},
  volume  = {56},
  doi     = {10.3109/10428194.2014.999326},
}

@Article{SalazarConcha2021,
  author  = {Cristian Salazar-Concha and Patricio Ram{\'i}rez-Correa},
  journal = {Symmetry},
  title   = {Predicting the Intention to Donate Blood among Blood Donors Using a Decision Tree Algorithm},
  year    = {2021},
  number  = {8},
  pages   = {1460},
  volume  = {13},
  doi     = {10.3390/sym13081460},
}

@Article{Shah2021,
  author  = {Krish Shah and Rajiv Punjabi and Priyanshi Shah and Madhuri Rao},
  journal = {International Research Journal of Engineering and Technology},
  title   = {Real Time Diabetes Predictionusing Naïve Bayes Classifier on BigData of Healthcare},
  year    = {2021},
  number  = {5},
  pages   = {102--107},
  volume  = {7},
}
@Article{Subbalakshmi2011,
  author  = {G. Subbalakshmi and K. Ramesh and M. Chinna Rao},
  journal = {Indian Journal of Computer Science and Engineering},
  title   = {Decision Support in Heart Disease Prediction System using Naive Bayes},
  year    = {2011},
  number  = {2},
  pages   = {170--176},
  volume  = {2},
}
@Article{Vembandasamy2015,
  author  = {K. Vembandasamy and R. Sasipriya and E. Deepa},
  journal = {International Journal of Innovative Science, Engineering & Technology},
  title   = {Heart Diseases Detection Using Naive Bayes Algorithm},
  year    = {2015},
  number  = {9},
  pages   = {441--444},
  volume  = {2},
}

@Article{Hanson2019,
  author  = {Heidi A. Hanson and Christopher Martin and Brock O{\textquotesingle}Neil and Claire L. Leiser and Erik N. Mayer and Ken R. Smith and William T. Lowrance},
  journal = {Journal of Urology},
  title   = {The Relative Importance of Race Compared to Health Care and Social Factors in Predicting Prostate Cancer Mortality: A Random Forest Approach},
  year    = {2019},
  number  = {6},
  pages   = {1209--1216},
  volume  = {202},
  doi     = {10.1097/ju.0000000000000416},
}

@InProceedings{Benbelkacem2019,
  author    = {Sofia Benbelkacem and Baghdad Atmani},
  booktitle = {2019 International Conference on Computer and Information Sciences ({ICCIS})},
  title     = {Random Forests for Diabetes Diagnosis},
  year      = {2019},
  doi       = {10.1109/iccisci.2019.8716405},
}

@InProceedings{Rallapalli2016,
  author    = {Sreekanth Rallapalli and T. Suryakanthi},
  booktitle = {2016 International Conference on Advances in Computing and Communication Engineering ({ICACCE})},
  title     = {Predicting the risk of diabetes in big data electronic health Records by using scalable random forest classification algorithm},
  year      = {2016},
  doi       = {10.1109/icacce.2016.8073762},
}

@Article{Lakshmanaprabu2019,
  author  = {Lakshmanaprabu S.K. and Sachi Nandan Mohanty and Sheeba Rani S. and Sujatha Krishnamoorthy and Uthayakumar J. and K. Shankar},
  journal = {Applied Soft Computing},
  title   = {Online clinical decision support system using optimal deep neural networks},
  year    = {2019},
  pages   = {105487},
  volume  = {81},
  doi     = {10.1016/j.asoc.2019.105487},
}

@Article{Chen2022,
  author  = {Li-Chin Chen and Ji-Tian Sheu and Yuh-Jue Chuang and Yu Tsao},
  journal = {Journal of Translational Engineering in Health and Medicine},
  title   = {Predicting the Travel Distance of Patients to Access Healthcare Using Deep Neural Networks},
  year    = {2022},
  pages   = {1--11},
  volume  = {10},
  doi     = {10.1109/jtehm.2021.3134106},
}
@Article{Battineni2019,
  author  = {Gopi Battineni and Nalini Chintalapudi and Francesco Amenta},
  journal = {Informatics in Medicine Unlocked},
  title   = {Machine learning in medicine: Performance calculation of dementia prediction by support vector machines ({SVM})},
  year    = {2019},
  pages   = {100200},
  volume  = {16},
  doi     = {10.1016/j.imu.2019.100200},
}
@Article{Forkert2015,
  author  = {Nils Daniel Forkert and Tobias Verleger and Bastian Cheng and Götz Thomalla and Claus C. Hilgetag and Jens Fiehler},
  journal = {{PLOS} {ONE}},
  title   = {Multiclass Support Vector Machine-Based Lesion Mapping Predicts Functional Outcome in Ischemic Stroke Patients},
  year    = {2015},
  number  = {6},
  pages   = {e0129569},
  volume  = {10},
  doi     = {10.1371/journal.pone.0129569},
}
@Article{Kamruzzaman2006,
  author  = {J. Kamruzzaman and R. K. Begg},
  journal = {{IEEE} Transactions on Biomedical Engineering},
  title   = {Support Vector Machines and Other Pattern Recognition Approaches to the Diagnosis of Cerebral Palsy Gait},
  year    = {2006},
  number  = {12},
  pages   = {2479--2490},
  volume  = {53},
  doi     = {10.1109/tbme.2006.883697},
}
@Article{Lin2016,
  author  = {Di Lin and Athanasios V. Vasilakos and Yu Tang and Yuanzhe Yao},
  journal = {Neurocomputing},
  title   = {Neural networks for computer-aided diagnosis in medicine: A review},
  year    = {2016},
  pages   = {700--708},
  volume  = {216},
  doi     = {10.1016/j.neucom.2016.08.039},
}

@Article{Kukita2013,
  author  = {Yoji Kukita and Junji Uchida and Shigeyuki Oba and Kazumi Nishino and Toru Kumagai and Kazuya Taniguchi and Takako Okuyama and Fumio Imamura and Kikuya Kato},
  journal = {{PLoS} {ONE}},
  title   = {Quantitative Identification of Mutant Alleles Derived from Lung Cancer in Plasma Cell-Free {DNA} via Anomaly Detection Using Deep Sequencing Data},
  year    = {2013},
  number  = {11},
  pages   = {e81468},
  volume  = {8},
  doi     = {10.1371/journal.pone.0081468},
}

@Article{Liu2011,
  author  = {Da-You Liu and Hui-Ling Chen and Bo Yang and Xin-En Lv and Li-Na Li and Jie Liu},
  journal = {Journal of Medical Systems},
  title   = {Design of an Enhanced Fuzzy k-nearest Neighbor Classifier Based Computer Aided Diagnostic System for Thyroid Disease},
  year    = {2011},
  number  = {5},
  pages   = {3243--3254},
  volume  = {36},
  doi     = {10.1007/s10916-011-9815-x},
}

@Article{Shouman2012,
  author  = {Mai Shouman and Tim Turner and Rob Stocker},
  journal = {International Journal of Information and Education Technology},
  title   = {Applying k-Nearest Neighbour in Diagnosing Heart Disease Patients},
  year    = {2012},
  pages   = {220--223},
  doi     = {10.7763/ijiet.2012.v2.114},
}

@InProceedings{Belciug2010,
  author    = {Smaranda Belciug and Abdel-Badeeh Salem and Florin Gorunescu and Marina Gorunescu},
  booktitle = {2010 10th International Conference on Intelligent Systems Design and Applications},
  title     = {Clustering-based approach for detecting breast cancer recurrence},
  year      = {2010},
  doi       = {10.1109/isda.2010.5687211},
}

@InProceedings{Chauhan2015,
  author    = {Sucheta Chauhan and Lovekesh Vig},
  booktitle = {2015 {IEEE} International Conference on Data Science and Advanced Analytics ({DSAA})},
  title     = {Anomaly detection in {ECG} time signals via deep long short-term memory networks},
  year      = {2015},
  month     = {oct},
  publisher = {{IEEE}},
  doi       = {10.1109/dsaa.2015.7344872},
}

@Article{Sabic2020,
  author  = {Edin {\v{S}}abi{\'{c}} and David Keeley and Bailey Henderson and Sara Nannemann},
  journal = {{AI} {\&} {SOCIETY}},
  title   = {Healthcare and anomaly detection: using machine learning to predict anomalies in heart rate data},
  year    = {2020},
  month   = {may},
  number  = {1},
  pages   = {149--158},
  volume  = {36},
  doi     = {10.1007/s00146-020-00985-1},
}

@Article{Gadekallu2020,
  author  = {Thippa Reddy Gadekallu and Neelu Khare and Sweta Bhattacharya and Saurabh Singh and Praveen Kumar Reddy Maddikunta and In-Ho Ra and Mamoun Alazab},
  journal = {Electronics},
  title   = {Early Detection of Diabetic Retinopathy Using {PCA}-Firefly Based Deep Learning Model},
  year    = {2020},
  number  = {2},
  pages   = {274},
  volume  = {9},
  doi     = {10.3390/electronics9020274},
}

@Article{Jha2017,
  author  = {Debesh Jha and Ji-In Kim and Goo-Rak Kwon},
  journal = {Journal of Healthcare Engineering},
  title   = {Diagnosis of Alzheimer's Disease Using Dual-Tree Complex Wavelet Transform, {PCA}, and Feed-Forward Neural Network},
  year    = {2017},
  pages   = {1--13},
  volume  = {2017},
  doi     = {10.1155/2017/9060124},
}

@Article{Jha2017,
  author  = {Debesh Jha and Ji-In Kim and Goo-Rak Kwon},
  journal = {Journal of Healthcare Engineering},
  title   = {Diagnosis of Alzheimer's Disease Using Dual-Tree Complex Wavelet Transform, {PCA}, and Feed-Forward Neural Network},
  year    = {2017},
  pages   = {1--13},
  volume  = {2017},
  doi     = {10.1155/2017/9060124},
}

@Article{Balamurugan2017,
  author  = {M. Balamurugan and A. Nancy and S. Vijaykumar},
  journal = {Biomedical and Pharmacology Journal},
  title   = {Alzheimer's Disease Diagnosis by using Dimensionality Reduction Based on Knn Classifier},
  year    = {2017},
  number  = {4},
  pages   = {1823--1830},
  volume  = {10},
  doi     = {10.13005/bpj/1299},
}

@Misc{Shalizi2009,
  author       = {Cosma Shalizi},
  howpublished = {{Available online: ``\url{https://www.stat.cmu.edu/~cshalizi/350/lectures/22/lecture-22.pdf}''} Accessed 21 October 2022},
  title        = "{Classification and Regression Trees}",
  year         = {2009},
}

@Article{Schonlau2020,
  author  = {Matthias Schonlau and Rosie Yuyan Zou},
  journal = {The Stata Journal: Promoting communications on statistics and Stata},
  title   = {The random forest algorithm for statistical learning},
  year    = {2020},
  number  = {1},
  pages   = {3--29},
  volume  = {20},
  doi     = {10.1177/1536867x20909688},
}

@Article{Pedregosa2011,
  author  = {Pedregosa, F. and Varoquaux, G. and Gramfort, A. and Michel, V. and Thirion, B. and Grisel, O. and Blondel, M. and Prettenhofer, P. and Weiss, R. and Dubourg, V. and Vanderplas, J. and Passos, A. and Cournapeau, D. and Brucher, M. and Perrot, M. and Duchesnay, E.},
  journal = {Journal of Machine Learning Research},
  title   = {Scikit-learn: Machine Learning in {P}ython},
  year    = {2011},
  pages   = {2825--2830},
  volume  = {12},
}

@InProceedings{McKinney2010,
  author    = { {W}es {M}c{K}inney },
  booktitle = { {P}roceedings of the 9th {P}ython in {S}cience {C}onference },
  title     = { {D}ata {S}tructures for {S}tatistical {C}omputing in {P}ython },
  year      = { 2010 },
  pages     = { 56 - 61 },
  doi       = { 10.25080/Majora-92bf1922-00a },
}


@Misc{Perktold2022,
  author       = {Josef Perktold and Skipper Seabold and Jonathan Taylor and {statsmodels-developers}},
  howpublished = {Available from: \url{https://www.statsmodels.org/stable/index.html} Accessed 25 October 2022},
  title        = {Statsmodels},
  year         = {2022},
}


@Article{Maggioni2010,
  author    = {Francesca Maggioni and Stein W. Wallace},
  journal   = {Annals of Operations Research},
  title     = {Analyzing the quality of the expected value solution in~stochastic programming},
  year      = {2010},
  number    = {1},
  pages     = {37--54},
  volume    = {200},
  doi       = {10.1007/s10479-010-0807-x},
}

@Article{Lopes2020,
  author  = {Jo{\~{a}}o Lopes and Tiago Guimar{\~{a}}es and Manuel Filipe Santos},
  journal = {Procedia Computer Science},
  title   = {Predictive and Prescriptive Analytics in Healthcare: A Survey},
  year    = {2020},
  pages   = {1029--1034},
  volume  = {170},
  doi     = {10.1016/j.procs.2020.03.078},
}

@InCollection{Lepenioti2019,
  author    = {Katerina Lepenioti and Alexandros Bousdekis and Dimitris Apostolou and Gregoris Mentzas},
  booktitle = {Business Information Systems Workshops},
  publisher = {Springer International Publishing},
  title     = {Prescriptive Analytics: A Survey of Approaches and Methods},
  year      = {2019},
  pages     = {449--460},
  doi       = {10.1007/978-3-030-04849-5_39},
}

@Misc{NHS2022,
  author       = {{NHS}},
  howpublished = {{{Available online at: ``\url{https://www.healthcareers.nhs.uk/working-health/working-nhs/nhs-pay-and-benefits/agenda-change-pay-rates/agenda-change-pay-rates}'' Accessed 17 November 2022}}},
  title        = {Agenda for change - pay rates},
  year         = {2022},
}

@Article{Islam2018,
  author  = {Md Islam and Md Hasan and Xiaoyi Wang and Hayley Germack and Md Noor-E-Alam},
  journal = {Healthcare},
  title   = {A Systematic Review on Healthcare Analytics: Application and Theoretical Perspective of Data Mining},
  year    = {2018},
  number  = {2},
  pages   = {54},
  volume  = {6},
  doi     = {10.3390/healthcare6020054},
}

@Article{Valipour2013,
  author    = {Mohammad Taghi Valipour and Arman Nedjati and Reza Kazemi},
  journal   = {International Journal of Modeling and Optimization},
  title     = {Solving Health Care Facility Location Problems with New Heuristic Algorithm Method},
  year      = {2013},
  pages     = {12--14},
  doi       = {10.7763/ijmo.2013.v3.225},
}

@InProceedings{Kady2017,
  author    = {Ahmed El Kady and Sherif A. Sami and Ayman M. Eldeib},
  booktitle = {Proceedings of the 9th International Conference on Bioinformatics and Biomedical Technology - {ICBBT} {\textquotesingle}17},
  title     = {A Two Stage Heuristics for Improvement of Existing Multi Floor Healthcare Facility Layout},
  year      = {2017},
  doi       = {10.1145/3093293.3093308},
}

@Article{Liu2013,
  author    = {Ran Liu and Xiaolan Xie and Vincent Augusto and Carlos Rodriguez},
  journal   = {European Journal of Operational Research},
  title     = {Heuristic algorithms for a vehicle routing problem with simultaneous delivery and pickup and time windows in home health care},
  year      = {2013},
  number    = {3},
  pages     = {475--486},
  volume    = {230},
  doi       = {10.1016/j.ejor.2013.04.044},
}

@Article{Kim2013,
  author    = {Dong-Guen Kim and Yeong-Dae Kim},
  journal   = {Annals of Operations Research},
  title     = {A Lagrangian heuristic algorithm for a public healthcare facility location problem},
  year      = {2013},
  number    = {1},
  pages     = {221--240},
  volume    = {206},
  doi       = {10.1007/s10479-013-1378-4},
}

@InProceedings{Wong2011,
  author    = {S. Y. Wong and K. L. Tsui and K. S. Chin and M. Xu},
  booktitle = {2011 {IEEE} International Conference on Quality and Reliability},
  title     = {A simulation study to achieve healthcare service quality improvement in accident {\&} emergency department ({AED})},
  year      = {2011},
  doi       = {10.1109/icqr.2011.6031721},
}

@InProceedings{Weng2011,
  author    = {Weng, Shao-Jen and Tsai, Bo-Shiang and Wang, Lee-Min and Chang, Chun-Yueh and Gotcher, Donald},
  booktitle = {Proceedings of the 2011 Winter Simulation Conference (WSC)},
  title     = {Using simulation and Data Envelopment Analysis in optimal healthcare efficiency allocations},
  year      = {2011},
  pages     = {1295-1305},
  doi       = {10.1109/WSC.2011.6147850},
}

@InProceedings{Komashie2008,
  author    = {Alexander Komashie and Ali Mousavi and Justin Gore},
  booktitle = {Tenth International Conference on Computer Modeling and Simulation (uksim 2008)},
  title     = {Using Discrete Event Simulation ({DES}) to Manage Theatre Operations in Healthcare: An Audit-Based Case Study},
  year      = {2008},
  doi       = {10.1109/uksim.2008.112},
}

@Article{Carmen2015,
  author  = {R. Carmen and M. Defraeye and I. Van Nieuwenhuyse},
  journal = {International Journal of Simulation Modelling},
  title   = {A Decision Support System for Capacity Planning in Emergency Departments},
  year    = {2015},
  number  = {2},
  pages   = {299--312},
  volume  = {14},
  doi     = {10.2507/ijsimm14(2)10.308},
}

@Article{Ponis2013,
  author  = {Stavros T. Ponis and Angelos Delis and Sotiris P. Gayialis and Panagiotis Kasimatis and Joseph Tan},
  journal = {International Journal of Healthcare Information Systems and Informatics},
  title   = {Applying Discrete Event Simulation ({DES}) in Healthcare},
  year    = {2013},
  number  = {3},
  pages   = {58--79},
  volume  = {8},
  doi     = {10.4018/jhisi.2013070104},
}

@Article{Pardede2019,
  author  = {A M H Pardede and Herman Mawengkang and Muhammad Zarlis and T Tulus},
  journal = {Internaltional Journal on Advanced Science Engineering Information Technology},
  title   = {Optimization of Health Care Services with Limited Resources},
  year    = {2019},
  number  = {4},
  pages   = {1444--1449},
  volume  = {9},
}

@Article{Perez2013,
  author  = {Eduardo P{\'{e}}rez and Lewis Ntaimo and C{\'{e}}sar O. Malav{\'{e}} and Carla Bailey and Peter McCormack},
  journal = {Health Care Management Science},
  title   = {Stochastic online appointment scheduling of multi-step sequential procedures in nuclear medicine},
  year    = {2013},
  number  = {4},
  pages   = {281--299},
  volume  = {16},
  doi     = {10.1007/s10729-013-9224-4},
}

@Article{Zacharias2013,
  author  = {Christos Zacharias and Michael Pinedo},
  journal = {Production and Operations Management},
  title   = {Appointment Scheduling with No-Shows and Overbooking},
  year    = {2013},
  number  = {5},
  pages   = {788--801},
  volume  = {23},
  doi     = {10.1111/poms.12065},
}

@InProceedings{Baniya2017,
  author    = {Abiral Baniya and Stephen Herrmann and Qiquan Qiao and Huitian Lu},
  booktitle = {Proceedings of the IIE Annual Conference},
  title     = {Adaptive Interventions Treatment Modelling and Regimen Optimization Using Sequential Multiple Assignment Randomized Trials (SMART) and Q-learning},
  year      = {2017},
  pages     = {1187--1192},
}

@Article{YomTov2017,
  author  = {Elad Yom-Tov and Guy Feraru and Mark Kozdoba and Shie Mannor and Moshe Tennenholtz and Irit Hochberg},
  journal = {Journal of Medical Internet Research},
  title   = {Encouraging Physical Activity in Patients With Diabetes: Intervention Using a Reinforcement Learning System},
  year    = {2017},
  number  = {10},
  pages   = {e338},
  volume  = {19},
  doi     = {10.2196/jmir.7994},
}

@Article{Popova2018,
  author  = {Mariya Popova and Olexandr Isayev and Alexander Tropsha},
  journal = {Science Advances},
  title   = {Deep reinforcement learning for de novo drug design},
  year    = {2018},
  number  = {7},
  volume  = {4},
  doi     = {10.1126/sciadv.aap7885},
}

@InProceedings{Serrano2018,
  author    = {Antonio Serrano and Baldomero Imbern{\'{o}}n and Horacio P{\'{e}}rez-S{\'{a}}nchez and Jos{\'{e}} M. Cecilia and Andr{\'{e}}s Bueno-Crespo and Jos{\'{e}} L. Abell{\'{a}}n},
  booktitle = {Proceedings of the 47th International Conference on Parallel Processing Companion},
  title     = {Accelerating Drugs Discovery with Deep Reinforcement Learning},
  year      = {2018},
  doi       = {10.1145/3229710.3229731},
}

@Article{Olivecrona2017,
  author  = {Marcus Olivecrona and Thomas Blaschke and Ola Engkvist and Hongming Chen},
  journal = {Journal of Cheminformatics},
  title   = {Molecular de-novo design through deep reinforcement learning},
  year    = {2017},
  number  = {1},
  volume  = {9},
  doi     = {10.1186/s13321-017-0235-x},
}

@Article{Schuetz2012,
  author  = {Hans-Jörg Schütz and Rainer Kolisch},
  journal = {European Journal of Operational Research},
  title   = {Approximate dynamic programming for capacity allocation in the service industry},
  year    = {2012},
  number  = {1},
  pages   = {239--250},
  volume  = {218},
  doi     = {10.1016/j.ejor.2011.09.007},
}

@Article{Srinivas2018,
  author  = {Sharan Srinivas and A. Ravi Ravindran},
  journal = {Expert Systems with Applications},
  title   = {Optimizing outpatient appointment system using machine learning algorithms and scheduling rules: A prescriptive analytics framework},
  year    = {2018},
  pages   = {245--261},
  volume  = {102},
  doi     = {10.1016/j.eswa.2018.02.022},
}

@Article{Galli2020,
  author  = {Leonardo Galli and Tommaso Levato and Fabio Schoen and Luca Tigli},
  journal = {Journal of the Operational Research Society},
  title   = {Prescriptive analytics for inventory management in health care},
  year    = {2020},
  number  = {10},
  pages   = {2211--2224},
  volume  = {72},
  doi     = {10.1080/01605682.2020.1776167},
}

@Misc{UniAneurinBevanHealthBoard,
  author       = {{Aneurin Bevan University Health Board}},
  howpublished = {{Available online at: ``\url{https://abuhb.nhs.wales/clinical-futures/caring-for-you-and-your-future/}'' Accessed 9 December 2022}},
  title        = {Caring For You and Your Future},
}


@Misc{GOV.UK2001,
  author       = {{GOV.UK}},
  howpublished = {{Availabile online at: ''\url{https://assets.publishing.service.gov.uk/government/uploads/system/uploads/attachment_data/file/198033/National_Service_Framework_for_Older_People.pdf}'' Accessed 12 December 2022}},
  title        = {Modern Standards and Service Models: Older People},
  year         = {2001},
}


@Misc{NHSEngland,
  author       = {{NHS England}},
  howpublished = {{Available online at :''\url{https://www.england.nhs.uk/ourwork/clinical-policy/older-people/improving-care-for-older-people/}'' Accessed 12 December 2022}},
  title        = {Improving care for older people},
}


@Article{Orimo2006,
  author    = {Hajime Orimo and Hideki Ito and Takao Suzuki and Atsushi Araki and Takayuki Hosoi and Motoji Sawabe},
  journal   = {Geriatrics and Gerontology International},
  title     = {Reviewing the definition of "elderly"},
  year      = {2006},
  number    = {3},
  pages     = {149--158},
  volume    = {6},
  doi       = {10.1111/j.1447-0594.2006.00341.x},
}

@Article{Crews2006,
  author    = {Douglas E. Crews and Susan Zavotka},
  journal   = {Journal of {PHYSIOLOGICAL} {ANTHROPOLOGY}},
  title     = {Aging, Disability, and Frailty: Implications for Universal Design},
  year      = {2006},
  number    = {1},
  pages     = {113--118},
  volume    = {25},
  doi       = {10.2114/jpa2.25.113},
}

@Article{Topinkova2008,
  author  = {Eva Topinkov{\'{a}}},
  journal = {Annals of Nutrition and Metabolism},
  title   = {Aging, Disability and Frailty},
  year    = {2008},
  number  = {Suppl. 1},
  pages   = {6--11},
  volume  = {52},
  doi     = {10.1159/000115340},
}

@Article{Dent2016,
  author  = {Elsa Dent and Paul Kowal and Emiel O. Hoogendijk},
  journal = {European Journal of Internal Medicine},
  title   = {Frailty measurement in research and clinical practice: A review},
  year    = {2016},
  pages   = {3--10},
  volume  = {31},
  doi     = {10.1016/j.ejim.2016.03.007},
}

@Misc{NHSEnglanda,
  author       = {{NHS England}},
  howpublished = {Available online at ``\url{https://www.england.nhs.uk/ourwork/clinical-policy/older-people/frailty/efi/}'' Accessed 13 December 2022},
  title        = {Electronic Frailty Index},
}

@Article{Rockwood2005,
  author  = {K. Rockwood},
  journal = {Canadian Medical Association Journal},
  title   = {A global clinical measure of fitness and frailty in elderly people},
  year    = {2005},
  number  = {5},
  pages   = {489--495},
  volume  = {173},
  doi     = {10.1503/cmaj.050051},
}

@Misc{AgeUK2020,
  author       = {{Age UK}},
  howpublished = {Available online at ``\url{https://www.ageuk.org.uk/our-impact/policy-research/frailty-in-older-people/understanding-frailty/}'' Accessed 13 December 2022},
  title        = {Understanding frailty},
  year         = {2020},
}

@Misc{WelshGovernment2022,
  author       = {{Welsh Government}},
  howpublished = {Available online at: ``\url{https://gov.wales/national-population-projections-interim-data-2020-based#:~:text=Main\%20points,3.17\%20million\%20to\%203.30\%20million.}'' Accessed 13 December 2022},
  title        = {National population projections (interim data): 2020-based},
  year         = {2022},
}

@Misc{UniAneurinBevanHealthBoardb,
  author       = {{Aneurin Bevan University Health Board}},
  howpublished = {Availble online at: ``\url{https://abuhb.nhs.wales/about-us/the-health-board/}'' Accessed 13 December 2022},
  title        = {About Us},
}

@Misc{UniAneurinBevanHealthBoarda,
  author       = {{Aneurin Bevan University Health Board}},
  howpublished = {Available online at: ``url{https://abuhb.nhs.wales/about-us/abci/}''},
  title        = {Aneurin Bevan Continuous Improvement (ABCi)},
}

@Misc{UniAneurinBevanHealthBoard2018,
  author       = {{Aneurin Bevan University Health Board}},
  howpublished = {Available online at: ``\url{http://www.wales.nhs.uk/news/49108}'' Accessed 13 December 2022 },
  title        = {Clinical Futures - How Health Services are Changing in Gwent...},
  year         = {2018},
}

@Misc{WelshGovernment,
  author       = {{Welsh Government}},
  howpublished = {Available online at: ``\url{https://gov.wales/well-being-of-future-generations-wales}'' Accessed 13 December 2022},
  title        = {The Well-being of Future Generations},
}

@Misc{NHSWales,
  author       = {{NHS Wales}},
  howpublished = {Available online at ``\url{https://dhcw.nhs.wales/information-services/information-standards/clinical-classifications-and-terminology-standards/about-clinical-classifications-and-coding/icd-10/}'' Accessed 13 December 2022},
  title        = {ICD-10},
}

@Book{Welch2018,
  author    = {Ellen Welch},
  publisher = {Barnsley: Pen \& Sword Books Limited},
  title     = {The NHS at 70 A Living History},
  year      = {2018},
}
@Misc{ONS2022a,
  author       = {{Office for National Statistics}},
  howpublished = {Available online at: ``\url{https://www.ons.gov.uk/peoplepopulationandcommunity/healthandsocialcare/healthcaresystem/bulletins/healthcareexpenditureukhealthaccountsprovisionalestimates/2021#government-healthcare-expenditure}'' Accessed 16 December 2022},
  title        = {Healthcare expenditure, UK Health Accounts provisional estimates: 2021},
  year         = {2022},
}


@Misc{NHSEnglandb,
  author       = {{NHS England}},
  howpublished = {Available from ``\url{https://www.england.nhs.uk/urgent-emergency-care/reducing-length-of-stay/reducing-long-term-stays/home-first/}'' Accessed 16 December 2022},
  title        = {Principle 5: Encourage a supported ‘Home First’ approach},
}

@Misc{NuffieldTrust2022,
  author       = {{Nuffield Trust}},
  howpublished = {Available online at: ``\url{https://www.nuffieldtrust.org.uk/news-item/hospitals-at-capacity-understanding-delays-in-patient-discharge}'' Accessed 16 December 2022},
  title        = {Hospitals at capacity: understanding delays in patient discharge},
  year         = {2022},
}



@Misc{NHSAct2006,
  howpublished = {Available online at ``\url{https://www.legislation.gov.uk/anaw/2016/5/section/1/enacted}''. Accessed 16 December 2022},
  title        = {National Health Service (Wales) Act 2006 (c.42). [Online]. The National Assembly of Wales},
}

@Misc{NIHCE2014,
  author       = {{National Institute for Health and Care Excellence}},
  howpublished = {Available online at ``\url{https://www.nice.org.uk/guidance/sg1/chapter/Recommendations#assessing-if-nursing-staff-available-on-the-day-meet-patients-nursing-needs}'' Accessed 16 December 2022},
  title        = {Safe staffing for nursing in adult inpatient wards in acute hospitals},
  year         = {2014},
}

@InProceedings{Luna1993,
  author    = {Joel J. Luna},
  booktitle = {Proceedings of the 1993 Winter Simulation Conference},
  title     = {Hierarchical relation in simulation models},
  year      = {1993},
  doi       = {10.1145/256563.256607},
}

@Article{OConnor2021,
  author    = {Caroline Hunt-O{\textquotesingle}Connor and Zena Moore and Declan Patton and Linda Nugent and Pinar Avsar and Tom O{\textquotesingle}Connor},
  journal   = {Journal of Nursing Management},
  title     = {The effect of discharge planning on length of stay and readmission rates of older adults in acute hospitals: A systematic review and meta-analysis of systematic reviews},
  year      = {2021},
  number    = {8},
  pages     = {2697--2706},
  volume    = {29},
  doi       = {10.1111/jonm.13409},
}

@Article{Pellett2016,
  author    = {Candice Pellett},
  journal   = {British Journal of Community Nursing},
  title     = {Discharge planning: best practice in transitions of care},
  year      = {2016},
  number    = {11},
  pages     = {542--548},
  volume    = {21},
  doi       = {10.12968/bjcn.2016.21.11.542},
}

@Article{Adamis2017,
  author    = {Dimitrios Adamis and David Meagher and Siobhan Rooney and Owen Mulligan and Geraldine McCarthy},
  journal   = {International Psychogeriatrics},
  title     = {A comparison of outcomes according to different diagnostic systems for delirium ({DSM}-5, {DSM}-{IV}, {CAM}, and {DRS}-R98)},
  year      = {2017},
  month     = {sep},
  number    = {4},
  pages     = {591--596},
  volume    = {30},
  doi       = {10.1017/s1041610217001697}
  }

  @Article{AgasiIdenburg2019,
  author    = {S. C. Agasi-Idenburg and C. J. A. Punt and N. K. Aaronson and M. M. Stuiver},
  journal   = {Aging Clinical and Experimental Research},
  title     = {The association between preoperative fatigue and instrumental activities in daily living with complications and length of hospital stay in patients undergoing colorectal surgery},
  year      = {2019},
  month     = {apr},
  number    = {2},
  pages     = {257--264},
  volume    = {32},
  doi       = {10.1007/s40520-019-01199-2},
  }
  
@Article{Alyahya2017,
  author    = {Mohammad S. Alyahya and Heba H. Hijazi and Hussam A. Alshraideh and Amjad D. Al-Nasser},
  journal   = {Informatics for Health and Social Care},
  title     = {Using decision trees to explore the association between the length of stay and potentially avoidable readmissions: A retrospective cohort study},
  year      = {2017},
  month     = {jan},
  number    = {4},
  pages     = {361--377},
  volume    = {42},
  doi       = {10.1080/17538157.2016.1269105},
  }

  @Article{Bahrmann2018,
  author    = {Anke Bahrmann and Laura Benner and Michael Christ and Thomas Bertsch and Cornel C. Sieber and Hugo Katus and Philipp Bahrmann},
  journal   = {Aging Clinical and Experimental Research},
  title     = {The Charlson Comorbidity and Barthel Index predict length of hospital stay, mortality, cardiovascular mortality and rehospitalization in unselected older patients admitted to the emergency department},
  year      = {2018},
  month     = {nov},
  number    = {9},
  pages     = {1233--1242},
  volume    = {31},
  doi       = {10.1007/s40520-018-1067-x},
  }

  @Article{Basic2015,
  author    = {David Basic and Angela Khoo},
  journal   = {Australasian Journal on Ageing},
  title     = {New medical diagnoses and length of stay of acutely unwell older patients: Implications for funding models},
  year      = {2015},
  month     = {jun},
  number    = {3},
  pages     = {160--165},
  volume    = {34},
  doi       = {10.1111/ajag.12160},
  }

@Article{Beauchet2021,
  author    = {Olivier Beauchet and Joshua Lubov and Kevin Galery and Marc Afilalo and Cyrille P. Launay},
  journal   = {European Geriatric Medicine},
  title     = {Emergency room evaluation and recommendations for older emergency department users: results of the {ER}2 experimental study},
  year      = {2021},
  month     = {jun},
  number    = {5},
  pages     = {921--929},
  volume    = {12},
  doi       = {10.1007/s41999-021-00517-0},
  }

@Article{Beauchet2013,
  author    = {Olivier Beauchet and C. Launay and L. De Decker and B. Fantino and A. Kabeshova and C. Annweiler},
  journal   = {The journal of nutrition, health {\&}amp$\mathsemicolon$ aging},
  title     = {Who is at risk of long hospital stay among patients admitted to geriatric acute care unit? Results from a prospective cohort study},
  year      = {2013},
  month     = {apr},
  number    = {8},
  pages     = {695--699},
  volume    = {17},
  doi       = {10.1007/s12603-013-0333-z},
  }

@Article{Beauchet2018,
  author    = {Olivier Beauchet and Shek Fung and Cyrille P. Launay and Jonathan Afilalo and Paul Herbert and Marc Afilalo and Julia Chabot},
  journal   = {Maturitas},
  title     = {Predicting a long hospital stay after admission to a geriatric assessment unit: Results from an observational retrospective cohort study},
  year      = {2018},
  month     = {sep},
  pages     = {110--114},
  volume    = {115},
  doi       = {10.1016/j.maturitas.2018.06.014},
  }

@Article{Cacciatore2012,
  author    = {Francesco Cacciatore and Clara Belluomo Anello and Nicoletta Ferrara and Francesca Mazzella and Marialuisa Manzi and Ugo De Angelis and Pasquale Abete},
  journal   = {Aging Clinical and Experimental Research},
  title     = {Determinants of prolonged intensive care unit stay after cardiac surgery in the elderly},
  year      = {2012},
  volume    = {24},
  doi       = {10.3275/8521},
}

@Article{Chen2020,
  author    = {Hao Chen and Yu Hara and Nobuyuki Horita and Yusuke Saigusa and Yoshihiro Hirai and Takeshi Kaneko},
  journal   = {Clinical Interventions in Aging},
  title     = {{\&}lt$\mathsemicolon$p{\&}gt$\mathsemicolon$Declined Functional Status Prolonged Hospital Stay for Community-Acquired Pneumonia in Seniors{\&}lt$\mathsemicolon$/p{\&}gt$\mathsemicolon$},
  year      = {2020},
  month     = {aug},
  pages     = {1513--1519},
  volume    = {Volume 15},
  doi       = {10.2147/cia.s267349},
  }

@Article{Chua2007,
  author    = {Melvin Chua and Graeme E. Hoyle and Roy L. Soiza},
  journal   = {Archives of Gerontology and Geriatrics},
  title     = {Prognostic implications of hyponatremia in elderly hospitalized patients},
  year      = {2007},
  month     = {nov},
  number    = {3},
  pages     = {253--258},
  volume    = {45},
  doi       = {10.1016/j.archger.2006.11.002},
  }

@Article{Chung2010,
  author    = {Woojin Chung and Sun-Min Oh and Tongwoo Suh and Young Moon Lee and Byoung Hoon Oh and Chung-Won Yoon},
  journal   = {Health Policy},
  title     = {Determinants of length of stay for psychiatric inpatients: Analysis of a national database covering the entire Korean elderly population},
  year      = {2010},
  month     = {feb},
  number    = {2},
  pages     = {120--128},
  volume    = {94},
  }

@Article{Fan2021,
  author    = {Lijun Fan and Yong Tian and Jingwen Wang and Yue Ding and Shiyuan Wang and Hui Xue and Wei Du},
  journal   = {Journal of the American Medical Directors Association},
  title     = {Frailty Predicts Increased Health Care Utilization Among Community-Dwelling Older Adults: A Longitudinal Study in China},
  year      = {2021},
  month     = {sep},
  number    = {9},
  pages     = {1819--1824},
  volume    = {22},
  doi       = {10.1016/j.jamda.2021.01.082},
}

@Article{Feuerstadt2022,
  author    = {Paul Feuerstadt and Winnie W. Nelson and Edward M. Drozd and Jill Dreyfus and David N. Dahdal and Anny C. Wong and Iman Mohammadi and Christie Teigland and Alpesh Amin},
  journal   = {Journal of the American Medical Directors Association},
  title     = {Mortality, Health Care Use, and Costs of Clostridioides difficile Infections in Older Adults},
  year      = {2022},
  month     = {oct},
  number    = {10},
  pages     = {1721--1728.e19},
  volume    = {23},
  doi       = {10.1016/j.jamda.2022.01.075},
  }

@Article{Harari2007,
  author    = {D. Harari and F. C. Martin and A. Buttery and S. O{\textquotesingle}Neill and A. Hopper},
  journal   = {Age and Ageing},
  title     = {The older persons{\textquotesingle} assessment and liaison team {\textquotesingle}{OPAL}{\textquotesingle}: evaluation of comprehensive geriatric assessment in acute medical inpatients},
  year      = {2007},
  month     = {nov},
  number    = {6},
  pages     = {670--675},
  volume    = {36},
  doi       = {10.1093/ageing/afm089},
}

@Article{Hartley2019,
  author    = {Peter J. Hartley and Victoria L. Keevil and Ledia Alushi and Rebecca L. Charles and Eimear B. Conroy and Patricia M. Costello and Becki Dixon and Aida M. Dolinska-Grzybek and Diana Vajda and Roman Romero-Ortuno},
  journal   = {Journal of Geriatric Physical Therapy},
  title     = {Earlier Physical Therapy Input Is Associated With a Reduced Length of Hospital Stay and Reduced Care Needs on Discharge in Frail Older Inpatients: An Observational Study},
  year      = {2019},
  month     = {apr},
  number    = {2},
  pages     = {E7--E14},
  volume    = {42},
  doi       = {10.1519/jpt.0000000000000134},
  }

 @Article{Harvey2020,
  author    = {Lara A Harvey and Barbara Toson and Christina Norris and Ian A Harris and Robert C Gandy and Jacqueline J C T Close},
  journal   = {Age and Ageing},
  title     = {Does identifying frailty from {ICD}-10 coded data on hospital admission improve prediction of adverse outcomes in older surgical patients? A population-based study},
  year      = {2020},
  month     = {oct},
  number    = {3},
  pages     = {802--808},
  volume    = {50},
  doi       = {10.1093/ageing/afaa214},
  }

@Article{Hasebe2018,
  author    = {Kiyotaka Hasebe and Ryo Momosaki and Masashi Sawabe and Masayuki Chono and Akira Sawaguchi and Seiji Kasuga and Daichi Asanuma and Shoya Suzuki and Narimi Miyauchi and Masahiro Abo},
  journal   = {Geriatrics {\&}amp$\mathsemicolon$ Gerontology International},
  title     = {Effectiveness of weekend physical rehabilitation for functional recovery in geriatric patients with hip fracture},
  year      = {2018},
  month     = {apr},
  number    = {8},
  pages     = {1143--1146},
  volume    = {18},
  doi       = {10.1111/ggi.13326},
  }

 @Article{Hoben2019,
  author    = {Matthias Hoben and Stephanie A. Chamberlain and Andrea Gruneir and Jennifer A. Knopp-Sihota and Jason M. Sutherland and Jeffrey W. Poss and Malcolm B. Doupe and Veronica Bergstrom and Peter G. Norton and Corinne Schalm and Kimberley McCarthy and Kierstin Kashuba and Fred Ackah and Carole A. Estabrooks},
  journal   = {Journal of the American Medical Directors Association},
  title     = {Nursing Home Length of Stay in 3 Canadian Health Regions: Temporal Trends, Jurisdictional Differences, and Associated Factors},
  year      = {2019},
  month     = {sep},
  number    = {9},
  pages     = {1121--1128},
  volume    = {20},
  doi       = {10.1016/j.jamda.2019.01.144},
  }

  @Article{Hubbard2017,
  author    = {Ruth E. Hubbard and Nancye M. Peel and Mayukh Samanta and Leonard C. Gray and Arnold Mitnitski and Kenneth Rockwood},
  journal   = {Age and Ageing},
  title     = {Frailty status at admission to hospital predicts multiple adverse outcomes},
  year      = {2017},
  month     = {may},
  number    = {5},
  pages     = {801--806},
  volume    = {46},
  doi       = {10.1093/ageing/afx081},
  }

  @Article{Johnson2011,
  author    = {Kimberly S. Johnson and Maragatha Kuchibhatla and James A. Tulsky},
  journal   = {Journal of the American Geriatrics Society},
  title     = {Racial Differences in Location Before Hospice Enrollment and Association with Hospice Length of Stay},
  year      = {2011},
  month     = {mar},
  number    = {4},
  pages     = {732--737},
  volume    = {59},
  doi       = {10.1111/j.1532-5415.2011.03326.x},
  }

@Article{Jones2021,
  author    = {Teresa S. Jones and Edward L. Jones and Vanessa Richardson and Julie B. Finley and Jennifer L. Franklin and Deborah L. Gore and Carolyn P. Horney and Alexandra Kovar and Theresa L. Morin and Thomas N. Robinson},
  journal   = {Journal of the American Geriatrics Society},
  title     = {Preliminary data demonstrate the Geriatric Surgery Verification program reduces postoperative length of stay},
  year      = {2021},
  month     = {apr},
  number    = {7},
  pages     = {1993--1999},
  volume    = {69},
  doi       = {10.1111/jgs.17154},
  }

  @Article{Justo2011,
  author    = {Dan Justo and Natalia Vislapu and Victor Shvedov and Marina Fickte and Alexander Danylesko and Polina Kimelman and Charlotte Merdler and Yaffa Lerman},
  journal   = {Archives of Gerontology and Geriatrics},
  title     = {Admission Norton scale scores ({ANSS}) correlate with rehabilitation outcome and length in elderly patients following hip arthroplasty},
  year      = {2011},
  month     = {jul},
  number    = {1},
  pages     = {e33--e36},
  volume    = {53},
  doi       = {10.1016/j.archger.2010.10.008},
  }
@Article{Kidd2014,
  author    = {Andrew C. Kidd and Patrick Musonda and Roy L. Soiza and Catherine Butchart and Claire J. Lunt and Yogish Pai and Yasir Hameed and Chris Fox and John F. Potter and Phyo Kyaw Myint},
  journal   = {Archives of Gerontology and Geriatrics},
  title     = {The relationship between total anticholinergic burden ({ACB}) and early in-patient hospital mortality and length of stay in the oldest old aged 90 years and over admitted with an acute illness},
  year      = {2014},
  month     = {jul},
  number    = {1},
  pages     = {155--161},
  volume    = {59},
  doi       = {10.1016/j.archger.2014.01.006},
  }

@Article{Kim2018,
  author    = {Jae-Hyun Kim and Yunhwan Lee},
  journal   = {Archives of Gerontology and Geriatrics},
  title     = {Implementation of long-term care and hospital utilization: Results of segmented regression analysis of interrupted time series study},
  year      = {2018},
  month     = {sep},
  pages     = {221--226},
  volume    = {78},
  doi       = {10.1016/j.archger.2018.07.007},
  }

 @Article{Kirfel2021,
  author    = {Andrea Kirfel and Jan Menzenbach and Vera Guttenthaler and Johanna Feggeler and Andreas Mayr and Mark Coburn and Maria Wittmann},
  journal   = {Aging Clinical and Experimental Research},
  title     = {Postoperative delirium after cardiac surgery of elderly patients as an independent risk factor for prolonged length of stay in intensive care unit and in hospital},
  year      = {2021},
  month     = {apr},
  number    = {11},
  pages     = {3047--3056},
  volume    = {33},
  doi       = {10.1007/s40520-021-01842-x},
  }

  @Article{Lang2009,
  author    = {P.-O. Lang and D. Zekry and J.-P. Michel and M. Drame and J.-L. Novella and D. Jolly and F. Blanchard},
  journal   = {The journal of nutrition, health {\&}amp$\mathsemicolon$ aging},
  title     = {Early markers of prolonged hospital stay in demented inpatients: A multicentre and prospective study},
  year      = {2009},
  month     = {oct},
  number    = {2},
  pages     = {141--147},
  volume    = {14},
  doi       = {10.1007/s12603-009-0182-y},
  }

  @Article{Launay2018,
  author    = {C. P. Launay and A. Kabeshova and A. Lano{\'{e}} and J. Chabot and E. J. Levinoff and O. Beauchet},
  journal   = {{BMC} Geriatrics},
  title     = {Age effect on the prediction of risk of prolonged length hospital stay in older patients visiting the emergency department: results from a large prospective geriatric cohort study},
  year      = {2018},
  month     = {may},
  number    = {1},
  volume    = {18},
  doi       = {10.1186/s12877-018-0820-5},
  }

@Article{Liotta2012,
  author    = {Giuseppe Liotta and Sandro Mancinelli and Paola Scarcella and Leonardo Emberti Gialloreti},
  journal   = {Archives of Gerontology and Geriatrics},
  title     = {Determinants of acute hospital care use by elderly patients in Italy from 1996 to 2006},
  year      = {2012},
  month     = {may},
  number    = {3},
  pages     = {e364--e369},
  volume    = {54},
  doi       = {10.1016/j.archger.2011.08.001},
  }
  
@Article{Lisk2018,
  author    = {Radcliffe Lisk and Mahir Uddin and Anita Parbhoo and Keefai Yeong and David Fluck and Pankaj Sharma and Michael E. J. Lean and Thang S. Han},
  journal   = {Aging Clinical and Experimental Research},
  title     = {Predictive model of length of stay in hospital among older patients},
  year      = {2018},
  month     = {sep},
  number    = {7},
  pages     = {993--999},
  volume    = {31},
  doi       = {10.1007/s40520-018-1033-7},
  }

  @Article{Marano2022,
  author    = {Luigi Marano and Ludovico Carbone and Gianmario Edoardo Poto and Margherita Gambelli and Leonelle Lore Nguefack Noudem and Giulia Grassi and Fabiana Manasci and Giulia Curreri and Alessandra Giuliani and Riccardo Piagnerelli and Vinno Savelli and Daniele Marrelli and Franco Roviello and Virginia Boccardi},
  journal   = {Aging Clinical and Experimental Research},
  title     = {Handgrip strength predicts length of hospital stay in an abdominal surgical setting: the role of frailty beyond age},
  year      = {2022},
  month     = {apr},
  number    = {4},
  pages     = {811--817},
  volume    = {34},
  doi       = {10.1007/s40520-022-02121-z},
  }

@Article{Morandi2013,
  author    = {Alessandro Morandi and Giuseppe Bellelli and Eduard E. Vasilevskis and Renato Turco and Fabio Guerini and Tiziana Torpilliesi and Salvatore Speciale and Valeria Emiliani and Simona Gentile and John Schnelle and Marco Trabucchi},
  journal   = {Journal of the American Medical Directors Association},
  title     = {Predictors of Rehospitalization Among Elderly Patients Admitted to a Rehabilitation Hospital: The Role of Polypharmacy, Functional Status, and Length of Stay},
  year      = {2013},
  month     = {oct},
  number    = {10},
  pages     = {761--767},
  volume    = {14},
  doi       = {10.1016/j.jamda.2013.03.013},
  }
  
@Article{Motohashi2013,
  author    = {Takako Motohashi and Hironori Hamada and Jason Lee and Miho Sekimoto and Yuichi Imanaka},
  journal   = {Health Policy},
  title     = {Factors associated with prolonged length of hospital stay of elderly patients in acute care hospitals in Japan: A multilevel analysis of patients with femoral neck fracture},
  year      = {2013},
  month     = {jun},
  number    = {1},
  pages     = {60--67},
  volume    = {111},
  doi       = {10.1016/j.healthpol.2013.03.014},
  }
  
@Article{Motzek2018,
  author    = {Tom Motzek and Andreas Werblow and Falko Tesch and Gesine Marquardt and Jochen Schmitt},
  journal   = {Archives of Gerontology and Geriatrics},
  title     = {Determinants of hospitalization and length of stay among people with dementia {\textendash} An analysis of statutory health insurance claims data},
  year      = {2018},
  month     = {may},
  pages     = {227--233},
  volume    = {76},
  doi       = {10.1016/j.archger.2018.02.015},
  }

@Article{Naouri2022,
  author    = {D. Naouri and N. Pelletier-Fleury and N. Lapidus and Y. Yordanov},
  journal   = {{BMC} Geriatrics},
  title     = {The effect of direct admission to acute geriatric units compared to admission after an emergency department visit on length of stay, postacute care transfers and {ED} return visits},
  year      = {2022},
  month     = {jul},
  number    = {1},
  volume    = {22},
  doi       = {10.1186/s12877-022-03241-x},
  }

 @Article{Nishino2019,
  author    = {Masami Nishino and Yutaka Matsuhiro and Hitoshi Nakamura and Koji Yasumoto and Keisuke Yasumura and Akihiro Tanaka and Yasuharu Matsunaga-Lee and Daisuke Nakamura and Masamichi Yano and Masaki Yamato and Yasuyuki Egami and Ryu Shutta and Jun Tanouchi},
  journal   = {Geriatrics {\&}amp$\mathsemicolon$ Gerontology International},
  title     = {Which factors are associated with length of stay in older patients with acute decompensated heart failure with preserved ejection fraction?: {AURORA} study},
  year      = {2019},
  month     = {sep},
  number    = {11},
  pages     = {1084--1087},
  volume    = {19},
  doi       = {10.1111/ggi.13770},
  }
  
@Article{Pilotto2016,
  author    = {Alberto Pilotto and Daniele Sancarlo and Fabio Pellegrini and Franco Rengo and Niccol{\`{o}} Marchionni and Stefano Volpato and Luigi Ferrucci},
  journal   = {Age and Ageing},
  title     = {The Multidimensional Prognostic Index predicts in-hospital length of stay in older patients: a multicentre prospective study},
  year      = {2016},
  month     = {jan},
  number    = {1},
  pages     = {90--96},
  volume    = {45},
  doi       = {10.1093/ageing/afv167},
  }
  
@Article{Pustavoitau2016,
  author    = {Aliaksei Pustavoitau and Viachaslau Barodka and Norman E. Sharpless and Chad Torrice and Daniel Nyhan and Dan E. Berkowitz and Ashish S. Shah and Karen J. Bandeen Roche and Jeremy D. Walston},
  journal   = {Experimental Gerontology},
  title     = {Role of senescence marker p16INK4a measured in peripheral blood T-lymphocytes in predicting length of hospital stay after coronary artery bypass surgery in older adults},
  year      = {2016},
  month     = {feb},
  pages     = {29--36},
  volume    = {74},
  doi       = {10.1016/j.exger.2015.12.003},
  }

@Article{Raab2022,
  author    = {Gabriel Raab and Daniel Restifo and Sean M. McBride and Richard J. Wong and Nancy Y. Lee and Armin Shahrokni and Kaveh Zakeri},
  journal   = {Journal of Geriatric Oncology},
  title     = {Outcomes following head and neck cancer surgery among older adults as determined by an electronic geriatric assessment},
  year      = {2022},
  month     = {mar},
  number    = {2},
  pages     = {228--233},
  volume    = {13},
  doi       = {10.1016/j.jgo.2021.10.010},
}

@Article{Rajamaki2020,
  author    = {Blair Rajamaki and Marjaana Koponen and Sirpa Hartikainen and Anna-Maija Tolppanen},
  journal   = {{BMC} Geriatrics},
  title     = {Length of hospital stay after hip fracture and readmission rates of persons with and without Alzheimer's disease: a matched cohort study},
  year      = {2020},
  month     = {jun},
  number    = {1},
  volume    = {20},
  doi       = {10.1186/s12877-020-01609-5},
  }

@Article{Rubens2022,
  author    = {Muni Rubens and Adrian Cristian and Venkataraghavan Ramamoorthy and Anshul Saxena and Peter McGranaghan and Raees Tonse and Emir Veledar},
  journal   = {Journal of Geriatric Oncology},
  title     = {Effect of frailty on hospital outcomes among patients with cancer in the United States: Results from the National Inpatient Sample},
  year      = {2022},
  month     = {sep},
  number    = {7},
  pages     = {1043--1049},
  volume    = {13},
  doi       = {10.1016/j.jgo.2022.06.008},
  }

@Article{Shebeshi2021,
  author    = {Dinberu S. Shebeshi and Xenia Dolja-Gore and Julie Byles},
  journal   = {Archives of Gerontology and Geriatrics},
  title     = {Validation of hospital frailty risk score to predict hospital use in older people: Evidence from the Australian Longitudinal Study on Women's Health},
  year      = {2021},
  month     = {jan},
  pages     = {104282},
  volume    = {92},
  doi       = {10.1016/j.archger.2020.104282},
}

@Article{Shen2019,
  author    = {Yanjiao Shen and Qiukui Hao and Shuang Liu and Lin Su and Xuelian Sun and Joseph H. Flaherty and Birong Dong and Li Cao},
  journal   = {Aging Clinical and Experimental Research},
  title     = {The impact of functional status on {LOS} and readmission in older patients in geriatrics department: a cohort study},
  year      = {2019},
  month     = {nov},
  number    = {10},
  pages     = {1977--1983},
  volume    = {32},
  doi       = {10.1007/s40520-019-01411-3},
}

@Article{Snowden2004,
  author    = {Mark B. Snowden and Art Walaszek and Joan E. Russo and Kate A. Comtois and Debra S. Srebnik and Richard K. Ries and Peter P. Roy-Byrne},
  journal   = {Journal of the American Geriatrics Society},
  title     = {Geriatric Patients Improve as Much as Younger Patients from Hospitalization on General Psychiatric Units},
  year      = {2004},
  month     = {oct},
  number    = {10},
  pages     = {1676--1680},
  volume    = {52},
  doi       = {10.1111/j.1532-5415.2004.52460.x},
  }

@Article{Sommerfeld2011,
  author    = {Disa Kathryn Sommerfeld and Helena Johansson and Anna-Lena Jönsson and Veronica Murray and Tuula Wessari and Lotta Wid{\'{e}}n Holmqvist and Magnus von Arbin},
  journal   = {Journal of Geriatric Physical Therapy},
  title     = {Rivermead Mobility Index Can Be Used to Predict Length of Stay for Elderly Persons, 5 Days After Stroke Onset},
  year      = {2011},
  month     = {apr},
  number    = {2},
  pages     = {64--71},
  volume    = {34},
  doi       = {10.1519/jpt.0b013e3181ffb70d},
  }

@Article{Supervia2008,
  author    = {A. Supervia and D. Aranda and M. A. Marquez and A. Aguirre and E. Skaf and J. Gutierrez},
  journal   = {Age and Ageing},
  title     = {Predicting length of hospitalisation of elderly patients, using the Barthel Index},
  year      = {2008},
  month     = {mar},
  number    = {3},
  pages     = {339--342},
  volume    = {37},
  doi       = {10.1093/ageing/afn049},
  }

@Article{Takahashi2011,
  author    = {Chihiro Takahashi and Kiyohide Fushimi and Shinya Matsuda},
  journal   = {Geriatrics {\&}amp$\mathsemicolon$ Gerontology International},
  title     = {Factors associated with a protracted hospital stay after hip fracture surgery in Japan},
  year      = {2011},
  month     = {may},
  number    = {4},
  pages     = {474--481},
  volume    = {11},
  doi       = {10.1111/j.1447-0594.2011.00711.x},
  }

@Article{Tal2021,
  author    = {Sari Tal},
  journal   = {Archives of Gerontology and Geriatrics},
  title     = {Length of hospital stay among oldest-old patients in acute geriatric ward},
  year      = {2021},
  month     = {may},
  pages     = {104352},
  volume    = {94},
  doi       = {10.1016/j.archger.2021.104352},
  }

@Article{Tropea2016,
  author    = {Joanne Tropea and Dina LoGiudice and Danny Liew and Alexandra Gorelik and Caroline Brand},
  journal   = {International Journal of Geriatric Psychiatry},
  title     = {Poorer outcomes and greater healthcare costs for hospitalised older people with dementia and delirium: a retrospective cohort study},
  year      = {2016},
  month     = {apr},
  number    = {5},
  pages     = {539--547},
  volume    = {32},
  doi       = {10.1002/gps.4491},
  }

@Article{Volpato2014,
  author    = {Stefano Volpato and Salvatore Bazzano and Andrea Fontana and Luigi Ferrucci and Alberto Pilotto},
  journal   = {The Journals of Gerontology Series A: Biological Sciences and Medical Sciences},
  title     = {Multidimensional Prognostic Index Predicts Mortality and Length of Stay During Hospitalization in the Older Patients: A Multicenter Prospective Study},
  year      = {2014},
  month     = {sep},
  number    = {3},
  pages     = {325--331},
  volume    = {70},
  doi       = {10.1093/gerona/glu167},
  }

@Article{Walsh2020,
  author    = {Brendan Walsh and Se{\'{a}}n Lyons and Samantha Smith and Maev-Ann Wren and James Eighan and Edgar Morgenroth},
  journal   = {Health Economics},
  title     = {Does formal home care reduce inpatient length of stay?},
  year      = {2020},
  month     = {sep},
  number    = {12},
  pages     = {1620--1636},
  volume    = {29},
  doi       = {10.1002/hec.4158},
  }

@Article{Willems2012,
  author    = {Jorien M. Willems and Anton J.M. de Craen and Rob G.H.H. Nelissen and Peter A. van Luijt and Rudi G.J. Westendorp and Gerard J. Blauw},
  journal   = {Maturitas},
  title     = {Haemoglobin predicts length of hospital stay after hip fracture surgery in older patients},
  year      = {2012},
  month     = {jul},
  number    = {3},
  pages     = {225--228},
  volume    = {72},
  doi       = {10.1016/j.maturitas.2012.03.016},
  }
@Misc{Steventon2018,
  author       = {Adam Steventon and Sarah Deeny and Rocco Friebel and Tim Gardner and Ruth Thorlby},
  howpublished = {Available from: ``\url{https://www.health.org.uk/sites/default/files/Briefing_Emergency\%2520admissions_web_final.pdf}'' Accessed 16 December 2022},
  title        = {Briefing: Emergency hospital admissions in England: which may be avoidable and how?},
  year         = {2018},
}


@Article{Wong2008,
  author    = {Roger Y Wong and William C Miller},
  journal   = {{BMC} Geriatrics},
  title     = {Adverse outcomes following hospitalization in acutely ill older patients},
  year      = {2008},
  month     = {may},
  number    = {1},
  volume    = {8},
  doi       = {10.1186/1471-2318-8-10},
  }

@Article{Wright2013,
  author    = {P. N. Wright and G. Tan and S. Iliffe and D. Lee},
  journal   = {Age and Ageing},
  title     = {The impact of a new emergency admission avoidance system for older people on length of stay and same-day discharges},
  year      = {2013},
  month     = {aug},
  number    = {1},
  pages     = {116--121},
  volume    = {43},
  doi       = {10.1093/ageing/aft086},
  }

@Article{Zattoni2018,
  author    = {Davide Zattoni and Isacco Montroni and Nicole Marie Saur and Anna Garutti and Maria Letizia Bacchi Reggiani and Caterina Galetti and Pietro Calogero and Valeria Tonini},
  journal   = {Journal of the American Geriatrics Society},
  title     = "{A Simple Screening Tool to Predict Outcomes in Older Adults Undergoing Emergency General Surgery}",
  year      = {2018},
  month     = {oct},
  number    = {2},
  pages     = {309--316},
  volume    = {67},
  doi       = {10.1111/jgs.15627},
  }

 @Article{Zhao2020,
  author    = {Yanli Zhao and Ning Ge and Dongmei Xie and Langli Gao and Yanyan Wang and Yulin Liao and Jirong Yue},
  journal   = {{BMC} Geriatrics},
  title     = {The geriatric nutrition risk index versus the mini-nutritional assessment short form in predicting postoperative delirium and hospital length of stay among older non-cardiac surgical patients: a prospective cohort study},
  year      = {2020},
  month     = {mar},
  number    = {1},
  volume    = {20},
  doi       = {10.1186/s12877-020-1501-8},
  }


  @Misc{KESS2023,
  author       = {{Knowledge Economy Skills Scholarships }},
  howpublished = {Available online at ``\url{https://kess2.ac.uk/}'' Accessed 5 January 2023},
  title        = "{KESS2 East}",
  year         = {2023},
}

@Misc{BMA2023,
  author       = {{British Medical Association}},
  howpublished = {Available online at ``\url{https://www.bma.org.uk/advice-and-support/nhs-delivery-and-workforce/pressures/nhs-hospital-beds-data-analysis#:~:text=Since\%202010\%2C\%20average\%20bed\%20occupancy,and\%20efficiency\%20are\%20at\%20risk.}'' Accessed 6 January 2023},
  title        = "{NHS hospital beds data analysis}",
  year         = {2023},
}

@Misc{OECD2023,
  author       = {{Organisation for Economic Cooperation and Development (OECD)}},
  howpublished = {Available online at ``\url{https://www.oecd-ilibrary.org/sites/e5a80353-en/index.html?itemId=/content/component/e5a80353-en}.'' Accessed 6 January 2023},
  title        = {{Hospital beds and occupancy}},
  year         = {2023},
}

@Misc{CDCP2017,
  author       = {{Centers for Disease Control and Prevention}},
  howpublished = {Available online at ``\url{https://www.cdc.gov/nchs/data/hus/2017/089.pdf}.'' Accessed 6 January 2023},
  title        = {Hospitals, beds, and occupancy rates, by type of ownership and size of hospital: United States,selected years 1975–2015},
  year         = {2017},
}

@Article{Quinn2007,
  author    = {M.P. Quinn and A.E. Courtney and D.G. Fogarty and D. O{\textquotesingle}Reilly and C. Cardwell and P.T. McNamee},
  journal   = {{QJM}},
  title     = {Influence of prolonged hospitalization on overall bed occupancy: a five-year single-centre study},
  year      = {2007},
  number    = {9},
  pages     = {561--566},
  volume    = {100},
  doi       = {10.1093/qjmed/hcm064},
}

@Book{Hosmer1989,
  author    = {D. W. Hosmer and S. Lemeshow},
  publisher = {New York: John Wiley \& Sons, Inc},
  title     = {Applied Logistic Regression},
  year      = {1989},
}

@Book{Bowerman2015,
  author    = {B. L. Bowerman and R. T. O'Connell and A. B. Koehler},
  publisher = {California: Thomson Brooks/Cole},
  title     = {Forecasting, Time Series and Regression},
  year      = {2015},
}

@Book{Gujarati2019,
  author    = {Gujarati, Damodar N.},
  publisher = {SAGE Publications, Inc},
  title     = {Linear regression : a mathematical introduction},
  year      = {2019},
  address   = {Los Angeles, CA},
}

@inBook{Wasserman2004,
  author    = {Larry Wasserman},
  publisher = {New York: Springer},
  title     = {All of statistics: A concise course in statistical inference},
  year      = {2004},
Chapter = "13",
}

@Article{Baratloo2015,
  author  = {Alireza Baratloo and Mostafa Hosseini and Ahmed Negida and and Gehad El Ashal},
  journal = {Emergency (Tehran)},
  title   = {Part 1: Simple Definition and Calculation of Accuracy, Sensitivity and Specificity},
  year    = {2015},
  number  = {2},
  pages   = {48--49},
  volume  = {3},
}

@Article{Karunasingha2022,
  author    = {Dulakshi Santhusitha Kumari Karunasingha},
  journal   = {Information Sciences},
  title     = {Root mean square error or mean absolute error? Use their ratio as well},
  year      = {2022},
  pages     = {609--629},
  volume    = {585},
  doi       = {10.1016/j.ins.2021.11.036},
}

@Article{Das2020,
  author    = {Biplab Kanti Das and Himadri Sekhar Dutta},
  journal   = {Medical {\&}amp$\mathsemicolon$ Biological Engineering {\&}amp$\mathsemicolon$ Computing},
  title     = {{GFNB}: Gini index{\textendash}based Fuzzy Naive Bayes and blast cell segmentation for leukemia detection using multi-cell blood smear images},
  year      = {2020},
  number    = {11},
  pages     = {2789--2803},
  volume    = {58},
  doi       = {10.1007/s11517-020-02249-y},
}

@Article{Chicco2021,
  author    = {Davide Chicco and Matthijs J. Warrens and Giuseppe Jurman},
  journal   = {{PeerJ} Computer Science},
  title     = {The coefficient of determination R-squared is more informative than {SMAPE}, {MAE}, {MAPE}, {MSE} and {RMSE} in regression analysis evaluation},
  year      = {2021},
  pages     = {e623},
  volume    = {7},
  doi       = {10.7717/peerj-cs.623},
}

@TechReport{Hertog2016,
  author      = {Dick den Hertog and Krzysztof Postek},
  institution = {Tilburg University, Netherlands},
  title       = {Bridging the gap between predictive and prescriptive analytics - new optimization methodology needed},
  year        = {2016},
  url         = {http://www.optimization-online.org/DB_HTML/2016/12/5779.html},
}

@Article{Emes2017,
  author    = {Michael Emes and Stella Smith and Suzanne Ward and Alan Smith and Timothy Ming},
  journal   = {Health Systems},
  title     = {Care and Flow: Using Soft Systems Methodology to understand tensions in the patient discharge process},
  year      = {2017},
  number    = {3},
  pages     = {260--278},
  volume    = {6},
  doi       = {10.1057/s41306-017-0027-6},
}

@Article{Carter2018,
  author    = {Bernie Carter and Karen Whittaker and Caroline Sanders},
  journal   = {Journal of Child Health Care},
  title     = {Evaluating a telehealth intervention for urinalysis monitoring in children with neurogenic bladder},
  year      = {2018},
  number    = {1},
  pages     = {45--62},
  volume    = {23},
  doi       = {10.1177/1367493518777294},
  }

  @Article{Newell2017,
  author    = {Karen Newell and Chris Corrigan and Geoffrey Punshon and Alison Leary},
  journal   = {International Journal of Health Care Quality Assurance},
  title     = {Severe asthma: emergency care patient driven solutions},
  year      = {2017},
  number    = {7},
  pages     = {628--637},
  volume    = {30},
  doi       = {10.1108/ijhcqa-09-2016-0127},
}

@Article{Townshend2000,
  author  = {J. R. P. Townshend and H. S. Turner},
  journal = {The Journal of the Operational Research Society},
  title   = {Analysing the Effectiveness of Chlamydia Screening},
  year    = {2000},
  number  = {7},
  pages   = {812},
  volume  = {51},
  doi     = {10.2307/253962},
}

@Article{Huang2013,
  author    = {San-Kuei Huang and Min-Tai Lin and Hui-Chi Chen and Shin-Chung Huang and Mei-Hwan Wu},
  journal   = {The Journal of Pediatrics},
  title     = {Epidemiology of Kawasaki Disease: Prevalence from National Database and Future Trends Projection by System Dynamics Modeling},
  year      = {2013},
  number    = {1},
  pages     = {126--131.e1},
  volume    = {163},
  doi       = {10.1016/j.jpeds.2012.12.011},
}

@Article{Coyle1984,
  author    = {R.G. Coyle},
  journal   = {Socio-Economic Planning Sciences},
  title     = {A systems approach to the management of a hospital for short-term patients},
  year      = {1984},
  number    = {4},
  pages     = {219--226},
  volume    = {18},
  doi       = {10.1016/0038-0121(84)90001-6},
}

@Article{Lane2000,
  author    = {D C Lane and C Monefeldt and J V Rosenhead},
  journal   = {Journal of the Operational Research Society},
  title     = {Looking in the wrong place for healthcare improvements: A system dynamics study of an accident and emergency department},
  year      = {2000},
  number    = {5},
  pages     = {518--531},
  volume    = {51},
  doi       = {10.1057/palgrave.jors.2600892},
}

@Article{Walter2010,
  author    = {D. Walter},
  journal   = {Emergency Medicine Journal},
  title     = {Primary survey},
  year      = {2010},
  number    = {8},
  pages     = {571--571},
  volume    = {27},
  doi       = {10.1136/emj.2010.101196},
}

@Article{Schiff2011,
  author    = {Gordon D. Schiff},
  journal   = {Academic Emergency Medicine},
  title     = {System Dynamics and Dysfunctionalities: Levers for Overcoming Emergency Department Overcrowding},
  year      = {2011},
  number    = {12},
  pages     = {1255--1261},
  volume    = {18},
  doi       = {10.1111/j.1553-2712.2011.01225.x},
}

@InCollection{Converso2015,
  author    = {Giuseppe Converso and Sara Di Giacomo and Teresa Murino and Teresa Rea},
  booktitle = {Communications in Computer and Information Science},
  publisher = {Springer International Publishing},
  title     = {A System Dynamics Model for Bed Management Strategy in Health Care Units},
  year      = {2015},
  pages     = {610--622},
  doi       = {10.1007/978-3-319-22689-7_47},
}

@Article{Davahli2020,
  author    = {Mohammad Reza Davahli and Waldemar Karwowski and Redha Taiar},
  journal   = {International Journal of Environmental Research and Public Health},
  title     = {A System Dynamics Simulation Applied to Healthcare: A Systematic Review},
  year      = {2020},
  number    = {16},
  pages     = {5741},
  volume    = {17},
  doi       = {10.3390/ijerph17165741},
}

@Article{Bashshur2016,
  author    = {Rashid L. Bashshur and Joel D. Howell and Elizabeth A. Krupinski and Kathryn M. Harms and Noura Bashshur and Charles R. Doarn},
  journal   = {Telemedicine and e-Health},
  title     = {The Empirical Foundations of Telemedicine Interventions in Primary Care},
  year      = {2016},
  number    = {5},
  pages     = {342--375},
  volume    = {22},
  doi       = {10.1089/tmj.2016.0045},
}

@Article{Gordon2020,
  author    = {Howard S. Gordon and Pooja Solanki and Barbara G. Bokhour and Ravi K. Gopal},
  journal   = {Journal of General Internal Medicine},
  title     = {{\textquotedblleft}I'm Not Feeling Like I'm Part of the Conversation{\textquotedblright} Patients' Perspectives on Communicating in Clinical Video Telehealth Visits},
  year      = {2020},
  number    = {6},
  pages     = {1751--1758},
  volume    = {35},
  doi       = {10.1007/s11606-020-05673-w},
}

@Article{Wang2021,
  author    = {Andrea Wang and Katherine Francombe Pridham and Rosane Nisenbaum and Cheryl Pedersen and Rebecca Brown and Stephen W. Hwang},
  journal   = {Journal of General Internal Medicine},
  title     = {Factors Associated with Readmission Among General Internal Medicine Patients Experiencing Homelessness},
  year      = {2021},
  number    = {7},
  pages     = {1944--1950},
  volume    = {36},
  doi       = {10.1007/s11606-020-06483-w},
}
@Article{Cornes2017,
  author    = {Michelle Cornes and Martin Whiteford and Jill Manthorpe and Joanne Neale and Richard Byng and Nigel Hewett and Michael Clark and Alan Kilmister and James Fuller and Robert Aldridge and Michela Tinelli},
  journal   = {Health {\&}amp$\mathsemicolon$ Social Care in the Community},
  title     = {Improving hospital discharge arrangements for people who are homeless: A realist synthesis of the intermediate care literature},
  year      = {2017},
  number    = {3},
  pages     = {e345--e359},
  volume    = {26},
  doi       = {10.1111/hsc.12474},
}
@Article{Widmer2017,
  author    = {Matthew A. Widmer and R. Chad Swanson and Brian J. Zink and Jesse M. Pines},
  journal   = {Journal of Evaluation in Clinical Practice},
  title     = {Complex systems thinking in emergency medicine: A novel paradigm for a rapidly changing and interconnected health care landscape},
  year      = {2017},
  number    = {3},
  pages     = {629--634},
  volume    = {24},
  doi       = {10.1111/jep.12862},
}

@Article{Kuo2020,
  author    = {Yong-Hong Kuo and Nicholas B. Chan and Janny M.Y. Leung and Helen Meng and Anthony Man-Cho So and Kelvin K.F. Tsoi and Colin A. Graham},
  journal   = {International Journal of Medical Informatics},
  title     = {An Integrated Approach of Machine Learning and Systems Thinking for Waiting Time Prediction in an Emergency Department},
  year      = {2020},
  pages     = {104143},
  volume    = {139},
  doi       = {10.1016/j.ijmedinf.2020.104143},
}

@Article{Komashie2015,
  author    = {Alexander Komashie and Ali Mousavi and P. John Clarkson and Terry Young},
  journal   = {{IEEE} Journal of Translational Engineering in Health and Medicine},
  title     = {An Integrated Model of Patient and Staff Satisfaction Using Queuing Theory},
  year      = {2015},
  pages     = {1--10},
  volume    = {3},
  doi       = {10.1109/jtehm.2015.2400436},
}


@Article{Komashie2015,
  author  = {Alexander Komashie and Ali Mousavi and P. John Clarkson and Terry Young},
  journal = {{IEEE} Journal of Translational Engineering in Health and Medicine},
  title   = {An Integrated Model of Patient and Staff Satisfaction Using Queuing Theory},
  year    = {2015},
  pages   = {1--10},
  volume  = {3},
  doi     = {10.1109/jtehm.2015.2400436},
}
@Article{Ameh2013,
  author    = {Nkeiruka Ameh and MO Oyefabi and B Sabo},
  journal   = {Nigerian Medical Journal},
  title     = {Application of queuing theory to patient satisfaction at a tertiary hospital in Nigeria},
  year      = {2013},
  number    = {1},
  pages     = {64},
  volume    = {54},
  doi       = {10.4103/0300-1652.108902},
}
@Article{Day2010,
  author    = {T. Eugene Day and W. Max Li and Armann Ingolfsson and Nathan Ravi},
  journal   = {Journal of Pharmacy Practice},
  title     = {The Use of Queueing and Simulative Analyses to Improve an Overwhelmed Pharmacy Call Center},
  year      = {2010},
  number    = {5},
  pages     = {492--495},
  volume    = {23},
  doi       = {10.1177/0897190009358772},
}

@Article{Cochran2009,
  author    = {Jeffery K. Cochran and Kevin T. Roche},
  journal   = {Computers {\&}amp$\mathsemicolon$ Operations Research},
  title     = {A multi-class queuing network analysis methodology for improving hospital emergency department performance},
  year      = {2009},
  number    = {5},
  pages     = {1497--1512},
  volume    = {36},
  doi       = {10.1016/j.cor.2008.02.004},
}

@Article{Joustra2009,
  author    = {Paul Joustra and Erik van~der Sluis and Nico M. van Dijk},
  journal   = {Annals of Operations Research},
  title     = {To pool or not to pool in hospitals: a theoretical and~practical comparison for a radiotherapy outpatient department},
  year      = {2009},
  number    = {1},
  pages     = {77--89},
  volume    = {178},
  doi       = {10.1007/s10479-009-0559-7},
}

@Article{Siddharthan1996,
  author    = {Kris Siddharthan and Walter J. Jones and James A. Johnson},
  journal   = {International Journal of Health Care Quality Assurance},
  title     = {A priority queuing model to reduce waiting times in emergency care},
  year      = {1996},
  number    = {5},
  pages     = {10--16},
  volume    = {9},
  doi       = {10.1108/09526869610124993},
}

@Article{Kolesar1970,
  author    = {Peter Kolesar},
  journal   = {Management Science},
  title     = {A Markovian Model for Hospital Admission Scheduling},
  year      = {1970},
  number    = {6},
  pages     = {B--384--B--396},
  volume    = {16},
  doi       = {10.1287/mnsc.16.6.b384},
}

@Article{Bartolomeo2008,
  author    = {Nicola Bartolomeo and Paolo Trerotoli and Annamaria Moretti and Gabriella Serio},
  journal   = {{BMC} Medical Research Methodology},
  title     = {A markov model to evaluate hospital readmission},
  year      = {2008},,
  number    = {1},
  volume    = {8},
  doi       = {10.1186/1471-2288-8-23},
}

@InProceedings{McClean2006,
  author    = {Sally McClean and Peter Millard},
  booktitle = {2006 3rd International {IEEE} Conference Intelligent Systems},
  title     = {Using Markov Models to Manage High Occupancy Hospital Care},
  year      = {2006},
  doi       = {10.1109/is.2006.348427},
}

@Article{BenAssuli2020,
  author    = {Ofir Ben-Assuli and Tsipi Heart and Joshua R. Vest and Roni Ramon-Gonen and Nir Shlomo and Robert Klempfner},
  journal   = {Information Systems Management},
  title     = {Profiling Readmissions Using Hidden Markov Model - the Case of Congestive Heart Failure},
  year      = {2020},
  number    = {3},
  pages     = {237--249},
  volume    = {38},
  doi       = {10.1080/10580530.2020.1847362},
}

@Article{Verma2018,
  author    = {Aman Verma and Christian Rochefort and Guido Powell and David Buckeridge},
  journal   = {Journal of Health Services Research {\&}amp$\mathsemicolon$ Policy},
  title     = {Hospital readmissions and the day of the week},
  year      = {2018},
  number    = {1},
  pages     = {21--27},
  volume    = {23},
  doi       = {10.1177/1355819617750185},
}

@Article{Ala2022,
  author    = {Ali Ala and Feng Chen},
  journal   = {Journal of Healthcare Engineering},
  title     = {Appointment Scheduling Problem in Complexity Systems of the Healthcare Services: A Comprehensive Review},
  year      = {2022},
  pages     = {1--16},
  volume    = {2022},
  doi       = {10.1155/2022/5819813},
}

@InProceedings{Sanchez2007,
  author    = {Dairazalia Sanchez and Monica Tentori and Jesus Favela},
  booktitle = {Eighth Mexican International Conference on Current Trends in Computer Science ({ENC} 2007)},
  title     = {Hidden Markov Models for Activity Recognition in Ambient Intelligence Environments},
  year      = {2007},
  doi       = {10.1109/enc.2007.31},
}

@Misc{RCN2010,
  author       = {{Royal College of Nursing}},
  howpublished = {Available online at ``\url{http://www.weds.wales.nhs.uk/sitesplus/documents/1076/rcn\%20safe\%20staffing\%20levels.pdf}''. Accessed 8 January 2023},
  title        = {{Guidance on safe nuurse staffing levels in the UK}},
  year         = {2010},
}

@Article{Carta2020,
  author    = {Andrea Carta and Claudio Conversano},
  journal   = {Frontiers in Public Health},
  title     = {On the Use of Markov Models in Pharmacoeconomics: Pros and Cons and Implications for Policy Makers},
  year      = {2020},
  volume    = {8},
  doi       = {10.3389/fpubh.2020.569500},
}

@InBook{Shortle2017,
  author    = {John F. Shortle and James M. Thompson and Donald Gross and Carl M. Harris.},
  chapter   = "1",
  publisher = {John Wiley \& Sons, Ltd},
  title     = {Fundamentals of Queueing Theory},
  year      = {2017},
  address   = {Los Angeles, CA},
}

@Book{Silver2016,
  author    = {Edward A. Silver and David F. Pyke and Douglas J. Thomas},
  publisher = {{CRC} Press},
  title     = {Inventory and Production Management in Supply Chains},
  year      = {2016},
  month     = {dec},
  doi       = {10.1201/9781315374406},
}

@InBook{AndrasPrekopa1995,
  author    = {{Andr{\'{a}}s Pr{\'{e}}kopa}},
  chapter   = {12},
  publisher = {Dordrecht: Kluwer Academic Publishers},
  title     = {Stochastic Programming},
  year      = {1995},
}

@InBook{Birge2011,
  author    = {John R. Birge and Fran{\c{c}}ois Louveaux},
  chapter   = {2},
  publisher = {New York, NY: Springer New York},
  title     = {Introduction to stochastic programming},
  year      = {2011},
}

@Book{Ruszczynski2003,
  author    = {Andrzej P. Ruszczy{\'{n}}ski and Alexander Shapiro},
  publisher = {Amsterdam: Elsevier},
  title     = {Stochastic programming},
  year      = {2003},
}

@Article{Harper2002,
  author    = {P R Harper and A K Shahani},
  journal   = {Journal of the Operational Research Society},
  title     = {Modelling for the planning and management of bed capacities in hospitals},
  year      = {2002},
  number    = {1},
  pages     = {11--18},
  volume    = {53},
  doi       = {10.1057/palgrave/jors/2601278},
}

@Misc{WAO2018,
  author       = {{Wales Audit Office}},
  howpublished = {Available Online at: `\url{Informatics systems in NHSWales}'. Accessed on 16 January 2023},
  title        = {{Informatics systems in NHSWales}},
  year         = {2018},
}

@Misc{StatsWales2021,
  author       = {{StatsWales}},
  howpublished = {Available online at: \url{https://statswales.gov.wales/Catalogue/Health-and-Social-Care/NHS-Hospital-Activity/NHS-Beds/nhsbeds-by-organisation-site}. Accessed 2nd February 2023},
  title        = {NHS beds by organisation and year, 2009-10 onwards},
  year         = {2021},
}

@InCollection{Pillai2020,
  author    = {Sofia K. Pillai and M. M. Raghuwanshi and M. Gaikwad},
  booktitle = {Proceedings of International Conference on {IoT} Inclusive Life ({ICIIL} 2019), {NITTTR} Chandigarh, India},
  title     = {Hyperparameter Tuning and Optimization in Machine Learning for Species Identification System},
  year      = {2020},
  pages     = {235--241},
  doi       = {10.1007/978-981-15-3020-3_22},
}

@Misc{PHS2021,
  author       = {{Public Health Scotland}},
  howpublished = {Available online at ``\url{https://beta.isdscotland.org/topics/finance/file-listings-fy-2019-to-2020/}''. Accessed 3rd February 2023},
  title        = {Reports for Financial Year 2019 to 2020},
  year         = {2021},
}

@TechReport{Jones2015,
  author      = {Aled Jones, Tom Powell, Sofia Vougioukalou, Mary Lynch, Daniel Kelly},
  institution = {Cardiff University},
  title       = {Research into nurse staffing levels in Wales},
  year        = {2015},
  number      = {ISBN 978-1-4734-3704-3},
}
@Article{Kean2013,
  author    = {Susanne Kean and Marion Mitchell},
  journal   = {Journal of Clinical Nursing},
  title     = {How do intensive care nurses perceive families in intensive care? Insights from the United Kingdom and Australia},
  year      = {2013},
  number    = {5-6},
  pages     = {663--672},
  volume    = {23},
  doi       = {10.1111/jocn.12195},
}

@Article{East2014,
  author    = {Linda East and Kate Knowles and Maria Pettman and Leslie Fisher},
  journal   = {Journal of Nursing Management},
  title     = {Advanced level nursing in England: organisational challenges and opportunities},
  year      = {2014},
  number    = {8},
  pages     = {1011--1019},
  volume    = {23},
  doi       = {10.1111/jonm.12247},
}

@Misc{NHSEmployers2021,
  author       = {{NHS Employers}},
  howpublished = {Available online at ``\url{https://www.nhsemployers.org/articles/hourly-pay-scales-202122}''. Accessed 3rd February 2023},
  title        = {Hourly pay scakes 2021/2022},
  year         = {2021},
}

@Misc{OHNFT2023,
  author       = {{Oxford Health NHS Foundation Trust}},
  howpublished = {Available online at ``\url{https://www.oxfordhealth.nhs.uk/careers/staff-bank/rates/}''. Accessed 3rd February 2022.},
  title        = {Pay rates},
  year         = {2023},
}

@Misc{StatsWales2022,
  author       = {{StatsWales}},
  howpublished = {Available online at ``\url{https://statswales.gov.wales/Catalogue/Health-and-Social-Care/NHS-Staff/Non-Medical-Staff/nursingmidwiferyandhealthvisitingstaff-by-grade-areaofwork-year}''. Accessed 3rd February 2023},
  title        = {{Nursing, midwifery and health visiting staff, by grade and area of work}},
  year         = {2022},
}

@Misc{COF2016,
  author       = {{COIN-OR Foundation}},
  howpublished = {Available online at ``\url{https://www.coin-or.org/}''. Accessed 5th February 2023},
  title        = {{OPEN SOURCE FOR THE OPERATIONS RESEARCH COMMUNITY}},
  year         = {2016},
}

@Article{LougeeHeimer2003,
  author  = { Robin Lougee-Heimer},
  journal = {{IBM Journal of Research and Development}},
  title   = {The common optimization INterface for operations research: Promoting open-source software in the operations research community},
  year    = {2003},
  number  = {1},
  pages   = {57 -- 66},
  volume  = {47},
}

@Misc{IBM,
  author       = {{IBM}},
  howpublished = {Available online at ``\url{https://www.ibm.com/uk-en/analytics/cplex-optimizer}''. Accessed 5 February 2023},
  title        = {IBM CPLEX Optimizer},
}

@Misc{GurobiOptimization,
  author       = {{Gurobi Optimization}},
  howpublished = {Available online at ``\urk{https://www.gurobi.com/solutions/gurobi-optimizer/?campaignid=2027425879&adgroupid=77414946451&creative=602222804300&keyword=gurobi&matchtype=e&gclid=CjwKCAiAxP2eBhBiEiwA5puhNfYpFYlEtlzvzmBPHQdeOHshJHby_gn70yXeKeoeAc1g9rgSbV0ZkBoC1gkQAvD_BwE}''. Accessed 5 February 2023},
  title        = {{Gurobi Optimizer: The world's Fastest Solver}},
}

@InProceedings{Lal2015,
  author    = {Tarun Mohan Lal and Thomas Roh and Todd Huschka},
  booktitle = {2015 Winter Simulation Conference ({WSC})},
  title     = {Simulation based optimization: Applications in healthcare},
  year      = {2015},
  doi       = {10.1109/wsc.2015.7408251},
}

@Article{Respicio2018,
  author    = {Ana Respicio and Margarida Moz and Margarida Vaz Pato and Rute Somensi and Cec{\'{\i}}lia Dias Flores},
  journal   = {{BMC} Medical Informatics and Decision Making},
  title     = {A computational application for multi-skill nurse staffing in hospital units},
  year      = {2018},
  number    = {1},
  volume    = {18},
  doi       = {10.1186/s12911-018-0638-2},
}

@InProceedings{Ranum2006,
  author    = {David Ranum and Bradley Miller and John Zelle and Mark Guzdial},
  booktitle = {Proceedings of the 37th {SIGCSE} technical symposium on Computer science education},
  title     = {Successful approaches to teaching introductory computer science courses with python},
  year      = {2006},
  doi       = {10.1145/1121341.1121465},
}

@Misc{Mitchell2019,
  author       = {Stuart Mitchell and Anita Kean and Andrew Mason and Michael O'Sullivan and Antony Phillips and Franco Peschiera},
  howpublished = {Available online at: ``url{https://coin-or.github.io/pulp/}''. Accessed 11 February 2023},
  title        = {Optimization with PuLP},
  year         = {2019},
}

@Misc{NHSWalesa,
  author       = {{NHS Wales}},
  howpublished = {Available online at: ``\url{https://abuhb.nhs.wales/healthcare-services/the-grange-university-hospital/}''. Accessed 1 March 2023},
  title        = {{The Grange University Hospital}},
}

@Article{Axon2015,
  author  = {R. Neal Axon and Mulugeta Gebregziabher and Janet Craig and Jingwen Zhang and Patrick Mauldin and William P. Moran},
  journal = {The American journal of managed care},
  title   = {Frequency and Costs of Hospital Transfers for Ambulatory Sensitive Conditions},
  year    = {2015},
  number  = {1},
  pages   = {51–59},
  volume  = {21},
}

@Misc{ONS2022b,
  author       = {{Office for National Statistics}},
  howpublished = {Available online at: ``\url{https://www.ons.gov.uk/peoplepopulationandcommunity/birthsdeathsandmarriages/ageing/articles/voicesofourageingpopulation/livinglongerlives#:~:text=Over\%2011\%20million\%20people\%20\%E2\%80\%93\%2018.6,the\%20previous\%20census\%20in\%202011}''. Accessed 3 March 2023},
  title        = {{Voices of our ageing population: Living longer lives}},
  year         = {2022},
}

@Misc{Devereux2022,
  author       = {Ella Devereux},
  howpublished = {Available online at: ``\url{https://www.nursingtimes.net/news/workforce/record-number-of-nurses-leaving-the-nhs-in-england-30-09-2022/}. Accessed 3 March 2023},
  title        = {Record number of nurses leaving the NHS in England},
  year         = {2022},
}

@Misc{WelshGovernment2022a,
  author       = {{Welsh Government}},
  howpublished = {Available online at: ``\url{https://www.gov.wales/sickness-absence-nhs-april-june-2022-html#:~:text=Long\%20term\%20trend,months\%20ending\%2030\%20June\%202022.}'' Accessed 3 March 2022},
  title        = {Sickness absence in the NHS: April to June 2022},
  year         = {2022},
}

@Misc{RCN2023,
  author       = {{Royal College of Nursing}},
  howpublished = {Available online at: ``\url{https://www.rcn.org.uk/news-and-events/news/uk-nhs-pay-dispute-new-february-strike-dates-announced-for-england-and-wales-160123}.. Accessed 3 March 2022},
  title        = {NHS pay dispute: new February strike dates announced for England and Wales},
  year         = {2023},
}

@Misc{AGW2022,
  author       = {{Auditor General for Wales}},
  howpublished = {Available online at: ``\url{https://audit.wales/sites/default/files/publications/Tackling_the_Planned_Care_Backlog_in_Wales.pdf}''. Accessed 3 March 2023},
  title        = {Tackling the Planned Care Backlog in Wales},
  year         = {2022},
}

@Article{Luben2019,
  author    = {Robert Luben and Shabina Hayat and Anthony Khawaja and Nicholas Wareham and Paul P Pharoah and Kay-Tee Khaw},
  journal   = {{BMJ} Open},
  title     = {Residential area deprivation and risk of subsequent hospital admission in a British population: the {EPIC}-Norfolk cohort},
  year      = {2019},
  number    = {12},
  volume    = {9},
  doi       = {10.1136/bmjopen-2019-031251},
}

@Misc{WelshGovernment2022b,
  author       = {{Welsh Government}},
  howpublished = {Available online at: ``\url{https://www.gov.wales/statistics-wales-demography-newsletter-august-2022-html}.'' Accessed 3 March 2023},
  title        = {Statistics Wales Demography newsletter: August 2022},
  year         = {2022},
}

@Misc{CHNFT2022,
  author       = {{Calderdale and Huddersfield NHS Foundation Trust}},
  howpublished = {Available online at: ``\url{https://www.cht.nhs.uk/news/theres-no-place-like-home-for-a-quicker-recovery-and-to-help-ease-the-pressure-on-your-local-hospital}''. Accessed on 4 March 2023},
  title        = {There’s no place like home for a quicker recovery and to help ease the pressure on your local hospital},
  year         = {2022},
}

@Article{Trueland2023,
  author    = {Jennifer Trueland},
  journal   = {Primary Health Care},
  title     = {What are virtual wards {\textendash} and how do they work?},
  year      = {2023},
  number    = {1},
  pages     = {18--19},
  volume    = {33},
  doi       = {10.7748/phc.33.1.18.s8},
}

@Misc{HINSL2021,
  author       = {{Health Innovation Network South London}},
  howpublished = {Available online at: ``\url{https://healthinnovationnetwork.com/wp-content/uploads/2022/01/Croydon-VW-Evaluation-Report-to-NHSX-v10.pdf}.'' Accessed 4 March 2023},
  title        = {Rapid Evaluation of CroydonVirtual Ward},
  year         = {2021},
}

@Misc{WHO2023,
  author       = {{World Health Organization}},
  howpublished = {Available online at: ``\url{https://www.who.int/europe/emergencies/situations/covid-19}.'' Accessed 5 March 2023},
  title        = {Coronavirus disease (COVID-19) pandemic},
  year         = {2023},
}

@Misc{BMA2022,
  author       = {{British Medical Association}},
  howpublished = {Available online at: ``\url{https://www.bma.org.uk/advice-and-support/nhs-delivery-and-workforce/pressures/an-nhs-under-pressure#:~:text=The\%20NHS\%20is\%20experiencing\%20some,pressure\%20points\%20in\%20the\%20NHS.}'' Accessed 5 March 2023},
  title        = {An NHS under pressure},
  year         = {2022},
}